@article{10.1093/bioinformatics/btz682,
	title        = {{BioBERT}: a pre-trained biomedical language representation model for biomedical text mining},
	author       = {Lee, Jinhyuk and Yoon, Wonjin and Kim, Sungdong and Kim, Donghyeon and Kim, Sunkyu and So, Chan Ho and Kang, Jaewoo},
	year         = 2019,
	month        = {09},
	journal      = {Bioinformatics},
	volume       = 36,
	number       = 4,
	pages        = {1234--1240},
	url          = {https://doi.org/10.1093/bioinformatics/btz682},
	eprint       = {https://academic.oup.com/bioinformatics/article-pdf/36/4/1234/32527770/btz682.pdf}
}
@article{10.1142/S0218488598000094,
	title        = {The Vanishing Gradient Problem during Learning Recurrent Neural Nets and Problem Solutions},
	author       = {Hochreiter, Sepp},
	year         = 1998,
	month        = apr,
	journal      = {International Journal of Uncertainty Fuzziness and Knowledge-Based Systems},
	publisher    = {World Scientific Publishing Co., Inc.},
	address      = {USA},
	volume       = 6,
	number       = 2,
	pages        = {107--116},
	url          = {https://doi.org/10.1142/S0218488598000094},
	issue_date   = {April 1998},
	numpages     = 10
}
@article{10.2307/416483,
	title        = {Idioms},
	author       = {Geoffrey Nunberg and Ivan A. Sag and Thomas Wasow},
	year         = 1994,
	journal      = {Language},
	publisher    = {Linguistic Society of America},
	volume       = 70,
	number       = 3,
	pages        = {491--538},
	url          = {http://www.jstor.org/stable/416483}
}
@article{10.5555/177910.177914,
	title        = {A New Algorithm for Data Compression},
	author       = {Gage, Philip},
	year         = 1994,
	month        = feb,
	journal      = {The C Users Journal archive},
	publisher    = {R \& D Publications, Inc.},
	address      = {USA},
	volume       = 12,
	number       = 2,
	pages        = {23--38},
	url          = {https://www.derczynski.com/papers/archive/BPE\%5FGage.pdf},
	issue_date   = {February 1994},
	numpages     = 16
}
@inbook{10.5555/65669.104451,
	title        = {Learning Representations by Back-Propagating Errors},
	author       = {Rumelhart, David E. and Hinton, Geoffrey E. and Williams, Ronald J.},
	year         = 1988,
	booktitle    = {Neurocomputing: Foundations of Research},
	publisher    = {MIT Press},
	address      = {Cambridge, MA, USA},
	pages        = {696--699},
	url          = {https://www.nature.com/articles/323533a0},
	numpages     = 4
}
@inproceedings{2017arXiv170704499G,
	title        = {LIUM Machine Translation Systems for {WMT17} News Translation Task},
	author       = {Garc\'{i}a-Mart\'{i}nez, Mercedes  and  Caglayan, Ozan  and  Aransa, Walid  and  Bardet, Adrien  and  Bougares, Fethi  and  Barrault, Lo\"{i}c},
	year         = 2017,
	month        = sep,
	booktitle    = {Proceedings of the Second Conference on Machine Translation},
	publisher    = {Association for Computational Linguistics},
	address      = {Copenhagen, Denmark},
	pages        = {288--295},
	url          = {http://www.aclweb.org/anthology/W17-4726}
}
@inproceedings{2017arXiv170800726S,
	title        = {The University of Edinburgh's Neural {MT} Systems for {WMT17}},
	author       = {Sennrich, Rico  and  Birch, Alexandra  and  Currey, Anna  and  Germann, Ulrich  and  Haddow, Barry  and  Heafield, Kenneth  and  Miceli Barone, Antonio Valerio  and  Williams, Philip},
	year         = 2017,
	month        = sep,
	booktitle    = {Proceedings of the Second Conference on Machine Translation},
	publisher    = {Association for Computational Linguistics},
	address      = {Copenhagen, Denmark},
	pages        = {389--399},
	url          = {http://www.aclweb.org/anthology/W17-4739}
}
@article{2017arXiv171107893H,
	title        = {Effective Strategies in Zero-Shot Neural Machine Translation},
	author       = {{Ha}, Thanh-Le. and {Niehues}, Jan and {Waibel}, Alexander},
	year         = 2017,
	month        = nov,
	journal      = {ArXiv e-prints},
	url          = {https://ui.adsabs.harvard.edu/abs/2017arXiv171107893H/abstract},
	archiveprefix = {arXiv},
	eprint       = {1711.07893},
	primaryclass = {cs.CL}
}
@inproceedings{2017opennmt,
	title        = {{OpenNMT}: Open-Source Toolkit for Neural Machine Translation},
	author       = {Klein, Guillaume and Kim, Yoon and Deng, Yuntian and Senellart, Jean and Rush, Alexander},
	year         = 2017,
	booktitle    = {Proceedings of ACL 2017, System Demonstrations},
	location     = {Vancouver, Canada},
	publisher    = {Association for Computational Linguistics},
	pages        = {67--72},
	url          = {http://www.aclweb.org/anthology/P17-4012}
}
@article{2018arXiv180406189P,
	title        = {Investigating Backtranslation in Neural Machine Translation},
	author       = {{Poncelas}, Alberto and {Shterionov}, Dimitar and {Way}, Andy and {Maillette de Buy Wenniger}, Gideon and {Passban}, Peyman},
	year         = 2018,
	month        = apr,
	journal      = {ArXiv e-prints},
	url          = {http://adsabs.harvard.edu/abs/2018arXiv180406189P},
	archiveprefix = {arXiv},
	eprint       = {1804.06189},
	primaryclass = {cs.CL}
}
@article{2019arXiv190607808P,
	title        = {Adaptation of Machine Translation Models with Back-translated Data using Transductive Data Selection Methods},
	author       = {{Poncelas}, Alberto and {Maillette de Buy Wenniger}, Gideon and {Way}, Andy},
	year         = 2019,
	month        = jun,
	journal      = {arXiv e-prints},
	pages        = {arXiv:1906.07808},
	url          = {https://ui.adsabs.harvard.edu/abs/2019arXiv190607808P},
	eid          = {arXiv:1906.07808},
	archiveprefix = {arXiv},
	eprint       = {1906.07808},
	primaryclass = {cs.CL}
}
@inproceedings{45801,
	title        = {Learning to Remember Rare Events},
	author       = {Lukasz Kaiser and Ofir Nachum and Aurko Roy and Samy Bengio},
	year         = 2017,
	booktitle    = {Proceedings of the International Conference on Learning Representations (ICLR)},
	url          = {https://openreview.net/pdf?id=SJTQLdqlg}
}
@inproceedings{4761847,
	title        = {Recognition of blurred faces using Local Phase Quantization},
	author       = {T. {Ahonen} and E. {Rahtu} and V. {Ojansivu} and J. {Heikkila}},
	year         = 2008,
	month        = dec,
	booktitle    = {2008 19th International Conference on Pattern Recognition},
	volume       = {},
	number       = {},
	pages        = {1--4}
}
@article{6802355,
	title        = {Nested Hierarchical {D}irichlet Processes},
	author       = {J. {Paisley} and C. {Wang} and D. M. {Blei} and M. I. {Jordan}},
	year         = 2015,
	journal      = {IEEE Transactions on Pattern Analysis and Machine Intelligence},
	volume       = 37,
	number       = 2,
	pages        = {256--270},
	url          = {https://ieeexplore.ieee.org/abstract/document/6802355}
}
@article{7b54165e73a3424b8820136bcf61ca89,
	title        = {Visualizing High-Dimensional Data Using t-SNE},
	author       = {{van der Maaten}, L.J.P. and G.E. Hinton},
	year         = 2008,
	journal      = {Journal of Machine Learning Research},
	publisher    = {Microtome Publishing},
	volume       = 9,
	number       = {nov},
	pages        = {2579--2605},
	url          = {http://www.jmlr.org/papers/volume9/vandermaaten08a/vandermaaten08a.pdf},
	note         = {Pagination: 27},
	language     = {English}
}
@article{8049322,
	title        = {Toward Human Parity in Conversational Speech Recognition},
	author       = {W. {Xiong} and J. {Droppo} and X. {Huang} and F. {Seide} and M. L. {Seltzer} and A. {Stolcke} and D. {Yu} and G. {Zweig}},
	year         = 2017,
	journal      = {IEEE/ACM Transactions on Audio, Speech, and Language Processing},
	volume       = 25,
	number       = 12,
	pages        = {2410--2423}
}
@misc{abdulmumin2020using,
	title        = {Using Self-Training to Improve Back-Translation in Low Resource Neural Machine Translation},
	author       = {Idris Abdulmumin and Bashir Shehu Galadanci and Abubakar Isa},
	year         = 2020,
	url          = {https://arxiv.org/abs/2006.02876},
	eprint       = {2006.02876},
	archiveprefix = {arXiv},
	primaryclass = {cs.CL}
}
@inproceedings{agarwal-lavie-2008-meteor,
	title        = {Meteor, {M}-{BLEU} and {M}-{TER}: Evaluation Metrics for High-Correlation with Human Rankings of Machine Translation Output},
	author       = {Agarwal, Abhaya  and Lavie, Alon},
	year         = 2008,
	month        = jun,
	booktitle    = {Proceedings of the Third Workshop on Statistical Machine Translation},
	publisher    = {Association for Computational Linguistics},
	address      = {Columbus, Ohio},
	pages        = {115--118},
	url          = {https://www.aclweb.org/anthology/W08-0312}
}
@inproceedings{agrawal-etal-2018-beating,
	title        = {No more beating about the bush : A Step towards Idiom Handling for {I}ndian Language {NLP}},
	author       = {Agrawal, Ruchit  and Chenthil Kumar, Vighnesh  and Muralidharan, Vigneshwaran  and Sharma, Dipti},
	year         = 2018,
	month        = may,
	booktitle    = {Proceedings of the Eleventh International Conference on Language Resources and Evaluation ({LREC}-2018)},
	publisher    = {European Languages Resources Association (ELRA)},
	address      = {Miyazaki, Japan},
	url          = {https://www.aclweb.org/anthology/L18-1048}
}
@inproceedings{aharoni-etal-2019-massively,
	title        = {Massively Multilingual Neural Machine Translation},
	author       = {Aharoni, Roee  and Johnson, Melvin  and Firat, Orhan},
	year         = 2019,
	month        = jun,
	booktitle    = {Proceedings of the 2019 Conference of the North {A}merican Chapter of the Association for Computational Linguistics: Human Language Technologies, Volume 1 (Long and Short Papers)},
	publisher    = {Association for Computational Linguistics},
	address      = {Minneapolis, Minnesota},
	pages        = {3874--3884},
	url          = {https://www.aclweb.org/anthology/N19-1388}
}
@inproceedings{artetxe-etal-2018-unsupervised,
	title        = {Unsupervised Statistical Machine Translation},
	author       = {Artetxe, Mikel  and Labaka, Gorka  and Agirre, Eneko},
	year         = 2018,
	month        = oct,
	booktitle    = {Proceedings of the 2018 Conference on Empirical Methods in Natural Language Processing},
	publisher    = {Association for Computational Linguistics},
	address      = {Brussels, Belgium},
	pages        = {3632--3642},
	url          = {https://www.aclweb.org/anthology/D18-1399}
}
@inproceedings{artetxe-etal-2019-effective,
	title        = {An Effective Approach to Unsupervised Machine Translation},
	author       = {Artetxe, Mikel  and Labaka, Gorka  and Agirre, Eneko},
	year         = 2019,
	month        = jul,
	booktitle    = {Proceedings of the 57th Annual Meeting of the Association for Computational Linguistics},
	publisher    = {Association for Computational Linguistics},
	address      = {Florence, Italy},
	pages        = {194--203},
	url          = {https://www.aclweb.org/anthology/P19-1019}
}
@inproceedings{artetxe2018iclr,
	title        = {Unsupervised neural machine translation},
	author       = {Artetxe, Mikel  and  Labaka, Gorka  and  Agirre, Eneko  and  Cho, Kyunghyun},
	year         = 2018,
	month        = apr,
	booktitle    = {6th International Conference on Learning Representations, {ICLR} 2018, Vancouver, BC, Canada, April 30 - May 3, 2018, Conference Track Proceedings},
	url          = {https://openreview.net/pdf?id=Sy2ogebAW}
}
@inproceedings{axelrod2015class,
	title        = {Class-based n-gram language difference models for data selection},
	author       = {Axelrod, Amittai and Vyas, Yogarshi and Martindale, Marianna and Carpuat, Marine and Hopkins, Johns},
	year         = 2015,
	booktitle    = {IWSLT (International Workshop on Spoken Language Translation)},
	pages        = {180--187},
	url          = {http://workshop2015.iwslt.org/downloads/IWSLT\%5F2015\%5FRP\%5F17.pdf}
}
@article{Ba2016LayerN,
	title        = {Layer Normalization},
	author       = {Lei Jimmy Ba and Jamie Ryan Kiros and Geoffrey E. Hinton},
	year         = 2016,
	journal      = {CoRR},
	volume       = {abs/1607.06450},
	url          = {http://arxiv.org/abs/1607.06450},
	archiveprefix = {arXiv},
	eprint       = {1607.06450},
	bibsource    = {dblp computer science bibliography, https://dblp.org}
}
@inproceedings{babyai_iclr19,
	title        = {Baby{AI}: First Steps Towards Grounded Language Learning With a Human In the Loop},
	author       = {Maxime Chevalier-Boisvert and Dzmitry Bahdanau and Salem Lahlou and Lucas Willems and Chitwan Saharia and Thien Huu Nguyen and Yoshua Bengio},
	year         = 2019,
	booktitle    = {International Conference on Learning Representations},
	url          = {https://openreview.net/forum?id=rJeXCo0cYX}
}
@inproceedings{baker-etal-2014-unsupervised,
	title        = {An Unsupervised Model for Instance Level Subcategorization Acquisition},
	author       = {Baker, Simon  and Reichart, Roi  and Korhonen, Anna},
	year         = 2014,
	month        = oct,
	booktitle    = {Proceedings of the 2014 Conference on Empirical Methods in Natural Language Processing ({EMNLP})},
	publisher    = {Association for Computational Linguistics},
	address      = {Doha, Qatar},
	pages        = {278--289},
	url          = {https://www.aclweb.org/anthology/D14-1034}
}
@inproceedings{banerjee-lavie-2005-meteor,
	title        = {{METEOR}: An Automatic Metric for {MT} Evaluation with Improved Correlation with Human Judgments},
	author       = {Banerjee, Satanjeev  and Lavie, Alon},
	year         = 2005,
	month        = jun,
	booktitle    = {Proceedings of the {ACL} Workshop on Intrinsic and Extrinsic Evaluation Measures for Machine Translation and/or Summarization},
	publisher    = {Association for Computational Linguistics},
	address      = {Ann Arbor, Michigan},
	pages        = {65--72},
	url          = {https://www.aclweb.org/anthology/W05-0909}
}
@inproceedings{baroni-etal-2014-dont,
	title        = {Don{'}t count, predict! {A} systematic comparison of context-counting vs. context-predicting semantic vectors},
	author       = {Baroni, Marco  and Dinu, Georgiana  and Kruszewski, Germ{\'a}n},
	year         = 2014,
	month        = jun,
	booktitle    = {Proceedings of the 52nd Annual Meeting of the Association for Computational Linguistics (Volume 1: Long Papers)},
	publisher    = {Association for Computational Linguistics},
	address      = {Baltimore, Maryland},
	pages        = {238--247},
	url          = {https://www.aclweb.org/anthology/P14-1023}
}
@article{baroni-lenci-2010-distributional,
	title        = {Distributional Memory: A General Framework for Corpus-Based Semantics},
	author       = {Baroni, Marco  and Lenci, Alessandro},
	year         = 2010,
	journal      = {Computational Linguistics},
	volume       = 36,
	number       = 4,
	pages        = {673--721},
	url          = {https://www.aclweb.org/anthology/J10-4006}
}
@inproceedings{barrault-EtAl:2019:WMT,
	title        = {Findings of the 2019 Conference on Machine Translation ({WMT}19)},
	author       = {Barrault, Lo{\"\i}c  and Bojar, Ond{\v{r}}ej  and Costa-juss{\`a}, Marta R.  and Federmann, Christian  and Fishel, Mark  and Graham, Yvette  and Haddow, Barry  and Huck, Matthias  and Koehn, Philipp  and Malmasi, Shervin  and Monz, Christof  and M{\"u}ller, Mathias  and Pal, Santanu  and Post, Matt  and Zampieri, Marcos},
	year         = 2019,
	month        = aug,
	booktitle    = {Proceedings of the Fourth Conference on Machine Translation (Volume 2: Shared Task Papers, Day 1)},
	publisher    = {Association for Computational Linguistics},
	address      = {Florence, Italy},
	pages        = {1--61},
	url          = {https://www.aclweb.org/anthology/W19-5301}
}
@inproceedings{belinkov-etal-2017-neural,
	title        = {What do Neural Machine Translation Models Learn about Morphology?},
	author       = {Belinkov, Yonatan  and Durrani, Nadir  and Dalvi, Fahim  and Sajjad, Hassan  and Glass, James},
	year         = 2017,
	month        = jul,
	booktitle    = {Proceedings of the 55th Annual Meeting of the Association for Computational Linguistics (Volume 1: Long Papers)},
	publisher    = {Association for Computational Linguistics},
	address      = {Vancouver, Canada},
	pages        = {861--872},
	url          = {https://www.aclweb.org/anthology/P17-1080}
}
@article{Bengio:2003,
	title        = {A Neural Probabilistic Language Model},
	author       = {Bengio, Yoshua and Ducharme, R{\'e}jean and Vincent, Pascal and Janvin, Christian},
	year         = 2003,
	month        = mar,
	journal      = {The Journal of Machine Learning Research},
	publisher    = {JMLR.org},
	volume       = 3,
	pages        = {1137--1155},
	url          = {http://www.jmlr.org/papers/volume3/bengio03a/bengio03a.pdf},
	issue_date   = {3/1/2003},
	numpages     = 19
}
@inbook{bengio2006neural,
	title        = {Innovations in Machine Learning: Theory and Applications},
	author       = {Bengio, Yoshua and Schwenk, Holger and Sen{\'e}cal, Jean-S{\'e}bastien and Morin, Fr{\'e}deric and Gauvain, Jean-Luc},
	year         = 2006,
	publisher    = {Springer Berlin Heidelberg},
	address      = {Berlin, Heidelberg},
	pages        = {137--186},
	chapter      = {Neural Probabilistic Language Models}
}
@inproceedings{bentivogli-EtAl:2016:EMNLP2016,
	title        = {Neural versus Phrase-Based Machine Translation Quality: a Case Study},
	author       = {Bentivogli, Luisa  and  Bisazza, Arianna  and  Cettolo, Mauro  and  Federico, Marcello},
	year         = 2016,
	month        = nov,
	booktitle    = {Proceedings of the 2016 Conference on Empirical Methods in Natural Language Processing},
	publisher    = {Association for Computational Linguistics},
	address      = {Austin, Texas},
	pages        = {257--267},
	url          = {https://aclweb.org/anthology/D16-1025}
}
@inproceedings{blackwood-etal-2018-multilingual,
	title        = {Multilingual Neural Machine Translation with Task-Specific Attention},
	author       = {Blackwood, Graeme  and Ballesteros, Miguel  and Ward, Todd},
	year         = 2018,
	month        = aug,
	booktitle    = {Proceedings of the 27th International Conference on Computational Linguistics},
	publisher    = {Association for Computational Linguistics},
	address      = {Santa Fe, New Mexico, USA},
	pages        = {3112--3122},
	url          = {https://www.aclweb.org/anthology/C18-1263}
}
@inproceedings{bojar-EtAl:2016:WMT1,
	title        = {Findings of the 2016 Conference on Machine Translation},
	author       = {Bojar, Ond\v{r}ej  and  Chatterjee, Rajen  and  Federmann, Christian  and  Graham, Yvette  and  Haddow, Barry  and  Huck, Matthias  and  Jimeno Yepes, Antonio  and  Koehn, Philipp  and  Logacheva, Varvara  and  Monz, Christof  and  Negri, Matteo  and  Neveol, Aurelie  and  Neves, Mariana  and  Popel, Martin  and  Post, Matt  and  Rubino, Raphael  and  Scarton, Carolina  and  Specia, Lucia  and  Turchi, Marco  and  Verspoor, Karin  and  Zampieri, Marcos},
	year         = 2016,
	month        = aug,
	booktitle    = {Proceedings of the First Conference on Machine Translation},
	publisher    = {Association for Computational Linguistics},
	address      = {Berlin, Germany},
	pages        = {131--198},
	url          = {http://www.aclweb.org/anthology/W/W16/W16-2301}
}
@inproceedings{bojar-EtAl:2017:WMT1,
	title        = {Findings of the 2017 Conference on Machine Translation ({WMT17})},
	author       = {Bojar, Ond\v{r}ej  and  Chatterjee, Rajen  and  Federmann, Christian  and  Graham, Yvette  and  Haddow, Barry  and  Huang, Shujian  and  Huck, Matthias  and  Koehn, Philipp  and  Liu, Qun  and  Logacheva, Varvara  and  Monz, Christof  and  Negri, Matteo  and  Post, Matt  and  Rubino, Raphael  and  Specia, Lucia  and  Turchi, Marco},
	year         = 2017,
	month        = sep,
	booktitle    = {Proceedings of the Second Conference on Machine Translation, Volume 2: Shared Task Papers},
	publisher    = {Association for Computational Linguistics},
	address      = {Copenhagen, Denmark},
	pages        = {169--214},
	url          = {http://www.aclweb.org/anthology/W17-4717}
}
@inproceedings{bojar-EtAl:2018:WMT1,
	title        = {Findings of the 2018 Conference on Machine Translation ({WMT18})},
	author       = {Bojar, Ond\v{r}ej  and  Federmann, Christian  and  Fishel, Mark  and  Graham, Yvette  and  Haddow, Barry  and  Huck, Matthias  and  Koehn, Philipp  and  Monz, Christof},
	year         = 2018,
	month        = oct,
	booktitle    = {Proceedings of the Third Conference on Machine Translation, Volume 2: Shared Task Papers},
	publisher    = {Association for Computational Linguistics},
	address      = {Belgium, Brussels},
	pages        = {272--307},
	url          = {http://www.aclweb.org/anthology/W18-6401}
}
@inproceedings{boyd-graber-etal-2007-topic,
	title        = {A Topic Model for Word Sense Disambiguation},
	author       = {Boyd-Graber, Jordan  and Blei, David  and Zhu, Xiaojin},
	year         = 2007,
	month        = jun,
	booktitle    = {Proceedings of the 2007 Joint Conference on Empirical Methods in Natural Language Processing and Computational Natural Language Learning ({EMNLP}-{C}o{NLL})},
	publisher    = {Association for Computational Linguistics},
	address      = {Prague, Czech Republic},
	pages        = {1024--1033},
	url          = {https://www.aclweb.org/anthology/D07-1109}
}
@inproceedings{brants-etal-2007-large,
	title        = {Large Language Models in Machine Translation},
	author       = {Brants, Thorsten  and Popat, Ashok C.  and Xu, Peng  and Och, Franz J.  and Dean, Jeffrey},
	year         = 2007,
	month        = jun,
	booktitle    = {Proceedings of the 2007 Joint Conference on Empirical Methods in Natural Language Processing and Computational Natural Language Learning ({EMNLP}-{C}o{NLL})},
	publisher    = {Association for Computational Linguistics},
	address      = {Prague, Czech Republic},
	pages        = {858--867},
	url          = {https://www.aclweb.org/anthology/D07-1090}
}
@inproceedings{britz-etal-2017-massive,
	title        = {Massive Exploration of Neural Machine Translation Architectures},
	author       = {Britz, Denny  and Goldie, Anna  and Luong, Minh-Thang  and Le, Quoc},
	year         = 2017,
	month        = sep,
	booktitle    = {Proceedings of the 2017 Conference on Empirical Methods in Natural Language Processing},
	publisher    = {Association for Computational Linguistics},
	address      = {Copenhagen, Denmark},
	pages        = {1442--1451},
	url          = {https://www.aclweb.org/anthology/D17-1151}
}
@inproceedings{brody-lapata:2009:EACL,
	title        = {Bayesian Word Sense Induction},
	author       = {Brody, Samuel  and  Lapata, Mirella},
	year         = 2009,
	month        = mar,
	booktitle    = {Proceedings of the 12th Conference of the European Chapter of the ACL (EACL 2009)},
	publisher    = {Association for Computational Linguistics},
	address      = {Athens, Greece},
	pages        = {103--111},
	url          = {http://www.aclweb.org/anthology/E09-1013}
}
@inproceedings{bruni-etal-2012-distributional,
	title        = {Distributional Semantics in Technicolor},
	author       = {Bruni, Elia  and Boleda, Gemma  and Baroni, Marco  and Tran, Nam-Khanh},
	year         = 2012,
	month        = jul,
	booktitle    = {Proceedings of the 50th Annual Meeting of the Association for Computational Linguistics (Volume 1: Long Papers)},
	publisher    = {Association for Computational Linguistics},
	address      = {Jeju Island, Korea},
	pages        = {136--145},
	url          = {https://www.aclweb.org/anthology/P12-1015}
}
@inproceedings{burlot-yvon-2018-using,
	title        = {Using Monolingual Data in Neural Machine Translation: a Systematic Study},
	author       = {Burlot, Franck  and Yvon, Fran{\c{c}}ois},
	year         = 2018,
	month        = oct,
	booktitle    = {Proceedings of the Third Conference on Machine Translation: Research Papers},
	publisher    = {Association for Computational Linguistics},
	address      = {Brussels, Belgium},
	pages        = {144--155},
	url          = {https://www.aclweb.org/anthology/W18-6315}
}
@inproceedings{callison-burch-etal-2006-evaluating,
	title        = {Re-evaluating the Role of {B}leu in Machine Translation Research},
	author       = {Callison-Burch, Chris  and Osborne, Miles  and Koehn, Philipp},
	year         = 2006,
	month        = apr,
	booktitle    = {11th Conference of the {E}uropean Chapter of the Association for Computational Linguistics},
	publisher    = {Association for Computational Linguistics},
	address      = {Trento, Italy},
	url          = {https://www.aclweb.org/anthology/E06-1032}
}
@inproceedings{callisonburch-EtAl:2007:WMT,
	title        = {(Meta-) Evaluation of Machine Translation},
	author       = {Callison-Burch, Chris  and  Fordyce, Cameron  and  Koehn, Philipp  and  Monz, Christof  and  Schroeder, Josh},
	year         = 2007,
	month        = jun,
	booktitle    = {Proceedings of the Second Workshop on Statistical Machine Translation},
	publisher    = {Association for Computational Linguistics},
	address      = {Prague, Czech Republic},
	pages        = {136--158},
	url          = {http://www.aclweb.org/anthology/W/W07/W07-0218}
}
@inproceedings{ChaplotS18,
	title        = {Knowledge-based Word Sense Disambiguation using Topic Models},
	author       = {Devendra Singh Chaplot and Ruslan Salakhutdinov},
	year         = 2018,
	booktitle    = {Proceedings of the Thirty-Second {AAAI} Conference on Artificial Intelligence, (AAAI-18), the 30th innovative Applications of Artificial Intelligence (IAAI-18), and the 8th {AAAI} Symposium on Educational Advances in Artificial Intelligence (EAAI-18), New Orleans, Louisiana, USA, February 2-7, 2018},
	pages        = {5062--5069},
	url          = {https://www.aaai.org/ocs/index.php/AAAI/AAAI18/paper/view/17415/16787}
}
@inproceedings{chen-etal-2019-evaluating,
	title        = {Evaluating Question Answering Evaluation},
	author       = {Chen, Anthony  and Stanovsky, Gabriel  and Singh, Sameer  and Gardner, Matt},
	year         = 2019,
	month        = nov,
	booktitle    = {Proceedings of the 2nd Workshop on Machine Reading for Question Answering},
	publisher    = {Association for Computational Linguistics},
	address      = {Hong Kong, China},
	pages        = {119--124},
	url          = {https://www.aclweb.org/anthology/D19-5817}
}
@inproceedings{chen1996empirical,
	title        = {An empirical study of smoothing techniques for language modeling},
	author       = {Chen, Stanley F and Goodman, Joshua},
	year         = 1996,
	booktitle    = {Proceedings of the 34th annual meeting on Association for Computational Linguistics},
	pages        = {310--318},
	url          = {https://www.aclweb.org/anthology/P96-1041},
	organization = {Association for Computational Linguistics}
}
@inproceedings{chen2014unified,
	title        = {A Unified Model for Word Sense Representation and Disambiguation.},
	author       = {Chen, Xinxiong and Liu, Zhiyuan and Sun, Maosong},
	year         = 2014,
	booktitle    = {EMNLP},
	pages        = {1025--1035},
	organization = {Citeseer}
}
@inproceedings{cherry-etal-2018-revisiting,
	title        = {Revisiting Character-Based Neural Machine Translation with Capacity and Compression},
	author       = {Cherry, Colin  and Foster, George  and Bapna, Ankur  and Firat, Orhan  and Macherey, Wolfgang},
	year         = 2018,
	month        = oct,
	booktitle    = {Proceedings of the 2018 Conference on Empirical Methods in Natural Language Processing},
	publisher    = {Association for Computational Linguistics},
	address      = {Brussels, Belgium},
	pages        = {4295--4305},
	url          = {https://www.aclweb.org/anthology/D18-1461}
}
@inproceedings{cho2014properties,
	title        = {On the properties of neural machine translation: Encoder-decoder approaches},
	author       = {Kyunghyun Cho and {van Merrienboer}, B and Dzmitry Bahdanau and Yoshua Bengio},
	year         = 2014,
	booktitle    = {Eighth Workshop on Syntax, Semantics and Structure in Statistical Translation (SSST-8), 2014},
	url          = {https://arxiv.org/abs/1409.1259}
}
@incollection{citeulike:635668,
	title        = {Sharing Clusters among Related Groups: Hierarchical {D}irichlet Processes},
	author       = {Yee W. Teh and Michael I. Jordan and Matthew J. Beal and David M. Blei},
	year         = 2005,
	booktitle    = {Advances in Neural Information Processing Systems 17},
	publisher    = {MIT Press},
	pages        = {1385--1392},
	url          = {http://papers.nips.cc/paper/2698-sharing-clusters-among-related-groups-hierarchical-dirichlet-processes},
	editor       = {L. K. Saul and Y. Weiss and L. Bottou}
}
@article{collobert2019a,
	title        = {A Fully Differentiable Beam Search Decoder},
	author       = {Collobert, Ronan and Hannun, Awni and Synnaeve, Gabriel},
	year         = 2019,
	journal      = {International Conference on Machine Learning},
	pages        = {1341--1350},
	url          = {https://arxiv.org/abs/1902.06022}
}
@inproceedings{costa-jussa-fonollosa-2016-character,
	title        = {Character-based Neural Machine Translation},
	author       = {Costa-juss{\`a}, Marta R.  and Fonollosa, Jos{\'e} A. R.},
	year         = 2016,
	month        = aug,
	booktitle    = {Proceedings of the 54th Annual Meeting of the Association for Computational Linguistics (Volume 2: Short Papers)},
	publisher    = {Association for Computational Linguistics},
	address      = {Berlin, Germany},
	pages        = {357--361},
	url          = {https://www.aclweb.org/anthology/P16-2058}
}
@inproceedings{cubuk2019autoaugment,
	title        = {Auto{A}ugment: Learning Augmentation Strategies From Data},
	author       = {Cubuk, Ekin D and Zoph, Barret and Mane, Dandelion and Vasudevan, Vijay and Le, Quoc V},
	year         = 2019,
	booktitle    = {Proceedings of the IEEE Conference on Computer Vision and Pattern Recognition},
	pages        = {113--123},
	url          = {https://arxiv.org/abs/1805.09501}
}
@inproceedings{currey-heafield-2019-zero,
	title        = {Zero-Resource Neural Machine Translation with Monolingual Pivot Data},
	author       = {Currey, Anna  and Heafield, Kenneth},
	year         = 2019,
	month        = nov,
	booktitle    = {Proceedings of the 3rd Workshop on Neural Generation and Translation},
	publisher    = {Association for Computational Linguistics},
	address      = {Hong Kong},
	pages        = {99--107},
	url          = {https://www.aclweb.org/anthology/D19-5610}
}
@inproceedings{currey2017copied,
	title        = {Copied monolingual data improves low-resource neural machine translation},
	author       = {Currey, Anna and Barone, Antonio Valerio Miceli and Heafield, Kenneth},
	year         = 2017,
	booktitle    = {Proceedings of the Second Conference on Machine Translation},
	pages        = {148--156},
	url          = {https://www.aclweb.org/anthology/W17-4715}
}
@inproceedings{D11-1033,
	title        = {Domain Adaptation via Pseudo In-Domain Data Selection},
	author       = {Axelrod, Amittai and He, Xiaodong and Gao, Jianfeng},
	year         = 2011,
	booktitle    = {Proceedings of the 2011 Conference on Empirical Methods in Natural Language Processing},
	location     = {Edinburgh, Scotland, UK.},
	publisher    = {Association for Computational Linguistics},
	pages        = {355--362},
	url          = {http://www.aclweb.org/anthology/D11-1033}
}
@inproceedings{D18-1050,
	title        = {MTNT: A Testbed for Machine Translation of Noisy Text},
	author       = {Michel, Paul and Neubig, Graham},
	year         = 2018,
	booktitle    = {Proceedings of the 2018 Conference on Empirical Methods in Natural Language Processing},
	location     = {Brussels, Belgium},
	publisher    = {Association for Computational Linguistics},
	pages        = {543--553},
	url          = {http://aclweb.org/anthology/D18-1050}
}
@inproceedings{DBLP:conf/bmvc/ChatfieldSVZ14,
	title        = {Return of the Devil in the Details: Delving Deep into Convolutional Nets},
	author       = {Chatfield, Ken and Simonyan, Karen and Vedaldi, Andrea and Zisserman, Andrew},
	year         = 2014,
	booktitle    = {Proceedings of the British Machine Vision Conference},
	publisher    = {BMVA Press},
	url          = {https://arxiv.org/abs/1405.3531},
	editors      = {Valstar, Michel and French, Andrew and Pridmore, Tony}
}
@inproceedings{DBLP:conf/emnlp/SzarvasBH13,
	title        = {Learning to Rank Lexical Substitutions},
	author       = {Szarvas, Gy\"{o}rgy  and  Busa-Fekete, R\'{o}bert  and  H\"{u}llermeier, Eyke},
	year         = 2013,
	month        = oct,
	booktitle    = {Proceedings of the 2013 Conference on Empirical Methods in Natural Language Processing},
	publisher    = {Association for Computational Linguistics},
	address      = {Seattle, Washington, USA},
	pages        = {1926--1932},
	url          = {http://www.aclweb.org/anthology/D13-1198}
}
@article{DBLP:journals/corr/abs-1708-04896,
	title        = {Random Erasing Data Augmentation},
	author       = {Zhun Zhong and Liang Zheng and Guoliang Kang and Shaozi Li and Yi Yang},
	year         = 2017,
	journal      = {CoRR},
	volume       = {abs/1708.04896},
	url          = {http://arxiv.org/abs/1708.04896},
	archiveprefix = {arXiv},
	eprint       = {1708.04896},
	bibsource    = {dblp computer science bibliography, https://dblp.org}
}
@article{DBLP:journals/corr/abs-1711-00350,
	title        = {Still not systematic after all these years: On the compositional skills of sequence-to-sequence recurrent networks},
	author       = {Brenden M. Lake and Marco Baroni},
	year         = 2017,
	journal      = {CoRR},
	volume       = {abs/1711.00350},
	url          = {http://arxiv.org/abs/1711.00350},
	archiveprefix = {arXiv},
	eprint       = {1711.00350},
	bibsource    = {dblp computer science bibliography, https://dblp.org}
}
@inproceedings{DBLP:journals/corr/abs-1711-02173,
	title        = {Synthetic and Natural Noise Both Break Neural Machine Translation},
	author       = {Yonatan Belinkov and Yonatan Bisk},
	year         = 2018,
	booktitle    = {Proceedings of the International Conference on Learning Representations (ICLR)},
	url          = {http://people.csail.mit.edu/belinkov/assets/pdf/iclr2018.pdf}
}
@article{DBLP:journals/corr/abs-1902-07181,
	title        = {Measuring Compositionality in Representation Learning},
	author       = {Jacob Andreas},
	year         = 2019,
	journal      = {CoRR},
	volume       = {abs/1902.07181},
	url          = {http://arxiv.org/abs/1902.07181},
	archiveprefix = {arXiv},
	eprint       = {1902.07181},
	bibsource    = {dblp computer science bibliography, https://dblp.org}
}
@article{DBLP:journals/corr/abs-1904-00157,
	title        = {Linguistic generalization and compositionality in modern artificial neural networks},
	author       = {Marco Baroni},
	year         = 2019,
	journal      = {CoRR},
	volume       = {abs/1904.00157},
	url          = {http://arxiv.org/abs/1904.00157},
	archiveprefix = {arXiv},
	eprint       = {1904.00157},
	bibsource    = {dblp computer science bibliography, https://dblp.org}
}
@article{DBLP:journals/corr/abs-1909-03750,
	title        = {Combining {SMT} and {NMT} Back-Translated Data for Efficient {NMT}},
	author       = {Alberto {Poncelas} and Maja Popovic and Dimitar Shterionov and Gideon Maillette de Buy Wenniger and Andy Way},
	year         = 2019,
	journal      = {CoRR},
	volume       = {abs/1909.03750},
	url          = {http://arxiv.org/abs/1909.03750},
	archiveprefix = {arXiv},
	eprint       = {1909.03750},
	bibsource    = {dblp computer science bibliography, https://dblp.org}
}
@article{DBLP:journals/corr/abs-2004-02181,
	title        = {Detecting and Understanding Generalization Barriers for Neural Machine Translation},
	author       = {Guanlin Li and Lemao Liu and Conghui Zhu and Tiejun Zhao and Shuming Shi},
	year         = 2020,
	journal      = {CoRR},
	volume       = {abs/2004.02181},
	url          = {https://arxiv.org/abs/2004.02181},
	archiveprefix = {arXiv},
	eprint       = {2004.02181},
	bibsource    = {dblp computer science bibliography, https://dblp.org}
}
@inproceedings{DBLP:journals/corr/BahdanauCB14,
	title        = {Neural Machine Translation by Jointly Learning to Align and Translate},
	author       = {Dzmitry Bahdanau and Kyunghyun Cho and Yoshua Bengio},
	year         = 2015,
	booktitle    = {Proceedings of the International Conference on Learning Representations (ICLR)},
	url          = {https://arxiv.org/abs/1409.0473}
}
@inproceedings{DBLP:journals/corr/RanzatoCAZ15,
	title        = {Sequence Level Training with Recurrent Neural Networks},
	author       = {Marc'Aurelio Ranzato and Sumit Chopra and Michael Auli and Wojciech Zaremba},
	year         = 2016,
	booktitle    = {4th International Conference on Learning Representations, {ICLR} 2016, San Juan, Puerto Rico, May 2-4, 2016, Conference Track Proceedings},
	url          = {http://arxiv.org/abs/1511.06732},
	editor       = {Yoshua Bengio and Yann LeCun},
	bibsource    = {dblp computer science bibliography, https://dblp.org}
}
@article{DBLP:journals/jolli/Janssen01,
	title        = {Frege, Contextuality and Compositionality},
	author       = {Theo M. V. Janssen},
	year         = 2001,
	journal      = {Journal of Logic, Language and Information},
	volume       = 10,
	number       = 1,
	pages        = {115--136},
	url          = {https://doi.org/10.1023/A:1026542332224},
	bibsource    = {dblp computer science bibliography, https://dblp.org}
}
@inproceedings{del-etal-2018-phrase,
	title        = {Phrase-based Unsupervised Machine Translation with Compositional Phrase Embeddings},
	author       = {Del, Maksym  and T{\"a}ttar, Andre  and Fishel, Mark},
	year         = 2018,
	month        = oct,
	booktitle    = {Proceedings of the Third Conference on Machine Translation: Shared Task Papers},
	publisher    = {Association for Computational Linguistics},
	address      = {Belgium, Brussels},
	pages        = {361--367},
	url          = {https://www.aclweb.org/anthology/W18-6407}
}
@inproceedings{denkowski-lavie-2011-meteor,
	title        = {Meteor 1.3: Automatic Metric for Reliable Optimization and Evaluation of Machine Translation Systems},
	author       = {Denkowski, Michael  and Lavie, Alon},
	year         = 2011,
	month        = jul,
	booktitle    = {Proceedings of the Sixth Workshop on Statistical Machine Translation},
	publisher    = {Association for Computational Linguistics},
	address      = {Edinburgh, Scotland},
	pages        = {85--91},
	url          = {https://www.aclweb.org/anthology/W11-2107}
}
@inproceedings{denkowski:lavie:meteor-wmt:2014,
	title        = {Meteor Universal: Language Specific Translation Evaluation for Any Target Language},
	author       = {Denkowski, Michael  and Lavie, Alon},
	year         = 2014,
	month        = jun,
	booktitle    = {Proceedings of the Ninth Workshop on Statistical Machine Translation},
	publisher    = {Association for Computational Linguistics},
	address      = {Baltimore, Maryland, USA},
	pages        = {376--380},
	url          = {https://www.aclweb.org/anthology/W14-3348}
}
@inproceedings{devlin-etal-2019-bert,
	title        = {{BERT}: Pre-training of Deep Bidirectional Transformers for Language Understanding},
	author       = {Devlin, Jacob  and Chang, Ming-Wei  and Lee, Kenton  and Toutanova, Kristina},
	year         = 2019,
	month        = jun,
	booktitle    = {Proceedings of the 2019 Conference of the North {A}merican Chapter of the Association for Computational Linguistics: Human Language Technologies, Volume 1 (Long and Short Papers)},
	publisher    = {Association for Computational Linguistics},
	address      = {Minneapolis, Minnesota},
	pages        = {4171--4186},
	url          = {https://www.aclweb.org/anthology/N19-1423}
}
@article{doi:10.1093/applin/17.3.326,
	title        = {Idioms: A View from Cognitive Semantics},
	author       = {Zoltan K{\"o}vecses and Peter Szab{\'o}},
	year         = 1996,
	month        = {09},
	journal      = {Applied Linguistics},
	volume       = 17,
	number       = 3,
	pages        = {326--355},
	url          = {https://doi.org/10.1093/applin/17.3.326},
	eprint       = {https://academic.oup.com/applij/article-pdf/17/3/326/9740433/326.pdf}
}
@inproceedings{domhan-hieber-2017-using,
	title        = {Using Target-side Monolingual Data for Neural Machine Translation through Multi-task Learning},
	author       = {Domhan, Tobias  and Hieber, Felix},
	year         = 2017,
	month        = sep,
	booktitle    = {Proceedings of the 2017 Conference on Empirical Methods in Natural Language Processing},
	publisher    = {Association for Computational Linguistics},
	address      = {Copenhagen, Denmark},
	pages        = {1500--1505},
	url          = {https://www.aclweb.org/anthology/D17-1158}
}
@inproceedings{duong-EtAl:2015:EMNLP,
	title        = {A Neural Network Model for Low-Resource Universal Dependency Parsing},
	author       = {Duong, Long  and  Cohn, Trevor  and  Bird, Steven  and  Cook, Paul},
	year         = 2015,
	month        = sep,
	booktitle    = {Proceedings of the 2015 Conference on Empirical Methods in Natural Language Processing},
	publisher    = {Association for Computational Linguistics},
	address      = {Lisbon, Portugal},
	pages        = {339--348},
	url          = {http://aclweb.org/anthology/D15-1040}
}
@inproceedings{dyer-chahuneau-smith:2013:NAACL-HLT,
	title        = {A Simple, Fast, and Effective Reparameterization of {IBM Model} 2},
	author       = {Dyer, Chris  and  Chahuneau, Victor  and  Smith, Noah A.},
	year         = 2013,
	month        = jun,
	booktitle    = {Proceedings of the 2013 Conference of the North American Chapter of the Association for Computational Linguistics: Human Language Technologies},
	publisher    = {Association for Computational Linguistics},
	address      = {Atlanta, Georgia},
	pages        = {644--648},
	url          = {http://www.aclweb.org/anthology/N13-1073}
}
@inproceedings{edunov-etal-2018-understanding,
	title        = {Understanding Back-Translation at Scale},
	author       = {Edunov, Sergey  and Ott, Myle  and Auli, Michael  and Grangier, David},
	year         = 2018,
	month        = oct,
	booktitle    = {Proceedings of the 2018 Conference on Empirical Methods in Natural Language Processing},
	publisher    = {Association for Computational Linguistics},
	address      = {Brussels, Belgium},
	pages        = {489--500},
	url          = {https://www.aclweb.org/anthology/D18-1045}
}
@inproceedings{escude-font-costa-jussa-2019-equalizing,
	title        = {Equalizing Gender Bias in Neural Machine Translation with Word Embeddings Techniques},
	author       = {Escud{\'e} Font, Joel  and Costa-juss{\`a}, Marta R.},
	year         = 2019,
	month        = aug,
	booktitle    = {Proceedings of the First Workshop on Gender Bias in Natural Language Processing},
	publisher    = {Association for Computational Linguistics},
	address      = {Florence, Italy},
	pages        = {147--154},
	url          = {https://www.aclweb.org/anthology/W19-3821}
}
@inproceedings{evert-kermes-2003-experiments,
	title        = {Experiments on Candidate Data for Collocation Extraction},
	author       = {Evert, Stefan  and Kermes, Hannah},
	year         = 2003,
	month        = apr,
	booktitle    = {10th Conference of the {E}uropean Chapter of the Association for Computational Linguistics},
	publisher    = {Association for Computational Linguistics},
	address      = {Budapest, Hungary},
	url          = {https://www.aclweb.org/anthology/E03-1080}
}
@inproceedings{evert-krenn-2001-methods,
	title        = {Methods for the Qualitative Evaluation of Lexical Association Measures},
	author       = {Evert, Stefan  and Krenn, Brigitte},
	year         = 2001,
	month        = jul,
	booktitle    = {Proceedings of the 39th Annual Meeting of the Association for Computational Linguistics},
	publisher    = {Association for Computational Linguistics},
	address      = {Toulouse, France},
	pages        = {188--195},
	url          = {https://www.aclweb.org/anthology/P01-1025}
}
@inproceedings{fadaee_new,
	title        = {The Unreasonable Volatility of Neural Machine Translation Models},
	author       = {Fadaee, Marzieh  and Monz, Christof},
	year         = 2020,
	month        = jul,
	booktitle    = {Proceedings of the Fourth Workshop on Neural Generation and Translation},
	publisher    = {Association for Computational Linguistics},
	address      = {Online},
	pages        = {88--96},
	url          = {https://www.aclweb.org/anthology/2020.ngt-1.10}
}
@inproceedings{fadaee-bisazza-monz:2017:Short2,
	title        = {Data Augmentation for Low-Resource Neural Machine Translation},
	author       = {Fadaee, Marzieh  and  Bisazza, Arianna  and  Monz, Christof},
	year         = 2017,
	month        = jul,
	booktitle    = {Proceedings of the 55th Annual Meeting of the Association for Computational Linguistics (Volume 2: Short Papers)},
	publisher    = {Association for Computational Linguistics},
	address      = {Vancouver, Canada},
	pages        = {567--573},
	url          = {http://aclweb.org/anthology/P17-2090}
}
@inproceedings{fadaee-etal-2017-learning,
	title        = {Learning Topic-Sensitive Word Representations},
	author       = {Fadaee, Marzieh  and Bisazza, Arianna  and Monz, Christof},
	year         = 2017,
	month        = jul,
	booktitle    = {Proceedings of the 55th Annual Meeting of the Association for Computational Linguistics (Volume 2: Short Papers)},
	publisher    = {Association for Computational Linguistics},
	address      = {Vancouver, Canada},
	pages        = {441--447},
	url          = {https://www.aclweb.org/anthology/P17-2070}
}
@inproceedings{fadaee-monz-2018-back,
	title        = {Back-Translation Sampling by Targeting Difficult Words in Neural Machine Translation},
	author       = {Fadaee, Marzieh  and Monz, Christof},
	year         = 2018,
	month        = oct,
	booktitle    = {Proceedings of the 2018 Conference on Empirical Methods in Natural Language Processing},
	publisher    = {Association for Computational Linguistics},
	address      = {Brussels, Belgium},
	pages        = {436--446},
	url          = {https://www.aclweb.org/anthology/D18-1040}
}
@article{faruqui:2015:Retro,
	title        = {Retrofitting Word Vectors to Semantic Lexicons.},
	author       = {Faruqui, Manaal and Dodge, Jesse and Jauhar, Sujay Kumar and Dyer, Chris and Hovy, Eduard H. and Smith, Noah A.},
	year         = 2014,
	journal      = {CoRR},
	volume       = {abs/1411.4166},
	ee           = {http://arxiv.org/abs/1411.4166}
}
@inproceedings{faruqui2014improving,
	title        = {Improving Vector Space Word Representations Using Multilingual Correlation},
	author       = {Faruqui, Manaal  and  Dyer, Chris},
	year         = 2014,
	month        = apr,
	booktitle    = {Proceedings of the 14th Conference of the European Chapter of the Association for Computational Linguistics},
	publisher    = {Association for Computational Linguistics},
	address      = {Gothenburg, Sweden},
	pages        = {462--471}
}
@inproceedings{faruqui2016problems,
	title        = {Problems With Evaluation of Word Embeddings Using Word Similarity Tasks},
	author       = {Faruqui, Manaal and Tsvetkov, Yulia and Rastogi, Pushpendre and Dyer, Chris},
	year         = 2016,
	booktitle    = {Proceedings of the 1st Workshop on Evaluating Vector Space Representations for NLP},
	url          = {http://arxiv.org/abs/1605.02276v1}
}
@inproceedings{Finkelstein:2001:PSC:371920.372094,
	title        = {Placing Search in Context: The Concept Revisited},
	author       = {Finkelstein, Lev and Gabrilovich, Evgeniy and Matias, Yossi and Rivlin, Ehud and Solan, Zach and Wolfman, Gadi and Ruppin, Eytan},
	year         = 2001,
	booktitle    = {Proceedings of the 10th International Conference on World Wide Web},
	location     = {Hong Kong, Hong Kong},
	publisher    = {ACM},
	address      = {New York, NY, USA},
	series       = {WWW '01},
	pages        = {406--414},
	url          = {http://doi.acm.org/10.1145/371920.372094},
	numpages     = 9
}
@inproceedings{firat-etal-2016-multi,
	title        = {Multi-Way, Multilingual Neural Machine Translation with a Shared Attention Mechanism},
	author       = {Firat, Orhan  and Cho, Kyunghyun  and Bengio, Yoshua},
	year         = 2016,
	month        = jun,
	booktitle    = {Proceedings of the 2016 Conference of the North {A}merican Chapter of the Association for Computational Linguistics: Human Language Technologies},
	publisher    = {Association for Computational Linguistics},
	address      = {San Diego, California},
	pages        = {866--875},
	url          = {https://www.aclweb.org/anthology/N16-1101}
}
@inproceedings{firth1957synopsis,
	title        = {A synopsis of linguistic theory 1930-55.},
	author       = {Firth, J. R.},
	year         = 1957,
	booktitle    = {Studies in Linguistic Analysis (special volume of the Philological Society)},
	publisher    = {The Philological Society},
	address      = {Oxford},
	volume       = {1952-59},
	pages        = {1--32},
	url          = {https://ci.nii.ac.jp/naid/10020680394/}
}
@book{fodor1992holism,
	title        = {Holism: A Shopper's Guide},
	author       = {Fodor, J. and Ernest Lepore},
	year         = 1992,
	publisher    = {Wiley},
	url          = {https://books.google.nl/books?id=fjoji3YAwoUC},
	lccn         = {lc91029538}
}
@book{fodor2002compositionality,
	title        = {The Compositionality Papers},
	author       = {Fodor, J.A. and LePore, E.},
	year         = 2002,
	publisher    = {Clarendon Press},
	url          = {https://books.google.nl/books?id=qcI6IVquMdgC},
	lccn         = 2002019756
}
@article{Frege1892,
	title        = {{\"U}ber {S}inn und {B}edeutung},
	author       = {Frege, Gottlob},
	year         = 1892,
	journal      = {Zeitschrift f{\"u}r Philosophie und philosophische Kritik},
	volume       = 100,
	pages        = {25--50},
	url          = {https://pure.mpg.de/rest/items/item\%5F2320751/component/file\%5F2555768/content}
}
@inproceedings{freitag-al-onaizan-2017-beam,
	title        = {Beam Search Strategies for Neural Machine Translation},
	author       = {Freitag, Markus  and Al-Onaizan, Yaser},
	year         = 2017,
	month        = aug,
	booktitle    = {Proceedings of the First Workshop on Neural Machine Translation},
	publisher    = {Association for Computational Linguistics},
	address      = {Vancouver},
	pages        = {56--60},
	url          = {https://www.aclweb.org/anthology/W17-3207}
}
@article{Gale1992,
	title        = {A method for disambiguating word senses in a large corpus},
	author       = {Gale, William A. and Church, Kenneth W. and Yarowsky, David},
	year         = 1992,
	journal      = {Computers and the Humanities},
	volume       = 26,
	number       = 5,
	pages        = {415--439},
	url          = {https://link.springer.com/article/10.1007/BF00136984}
}
@inproceedings{gale1992one,
	title        = {One Sense Per Discourse},
	author       = {Gale, William A. and Church, Kenneth W. and Yarowsky, David},
	year         = 1992,
	booktitle    = {Proceedings of the Workshop on Speech and Natural Language},
	location     = {Harriman, New York},
	publisher    = {Association for Computational Linguistics},
	address      = {Stroudsburg, PA, USA},
	series       = {HLT '91},
	pages        = {233--237},
	numpages     = 5
}
@inproceedings{ganitkevitch-etal-2013-ppdb,
	title        = {{PPDB}: The Paraphrase Database},
	author       = {Ganitkevitch, Juri  and Van Durme, Benjamin  and Callison-Burch, Chris},
	year         = 2013,
	month        = jun,
	booktitle    = {Proceedings of the 2013 Conference of the North {A}merican Chapter of the Association for Computational Linguistics: Human Language Technologies},
	publisher    = {Association for Computational Linguistics},
	address      = {Atlanta, Georgia},
	pages        = {758--764},
	url          = {https://www.aclweb.org/anthology/N13-1092}
}
@inproceedings{garg2019tanda,
	title        = {TANDA: Transfer and Adapt Pre-Trained Transformer Models for Answer Sentence Selection},
	author       = {Siddhant Garg and Thuy Vu and Alessandro Moschitti},
	year         = 2020,
	booktitle    = {Proceedings of AAAI Conference on Artificial Intelligence},
	url          = {https://arxiv.org/abs/1911.04118}
}
@inproceedings{ghader-monz-2017-attention,
	title        = {What does Attention in Neural Machine Translation Pay Attention to?},
	author       = {Ghader, Hamidreza  and Monz, Christof},
	year         = 2017,
	month        = nov,
	booktitle    = {Proceedings of the Eighth International Joint Conference on Natural Language Processing (Volume 1: Long Papers)},
	publisher    = {Asian Federation of Natural Language Processing},
	address      = {Taipei, Taiwan},
	pages        = {30--39},
	url          = {https://www.aclweb.org/anthology/I17-1004}
}
@inproceedings{ghader-monz-2019-intrinsic,
	title        = {An Intrinsic Nearest Neighbor Analysis of Neural Machine Translation Architectures},
	author       = {Ghader, Hamidreza  and Monz, Christof},
	year         = 2019,
	month        = aug,
	booktitle    = {Proceedings of Machine Translation Summit XVII Volume 1: Research Track},
	publisher    = {European Association for Machine Translation},
	address      = {Dublin, Ireland},
	pages        = {107--117},
	url          = {https://www.aclweb.org/anthology/W19-6611}
}
@inproceedings{gharbieh2016word,
	title        = {A Word Embedding Approach to Identifying Verb--Noun Idiomatic Combinations},
	author       = {Gharbieh, Waseem and Bhavsar, Virendra C and Cook, Paul},
	year         = 2016,
	booktitle    = {Proceedings of the 12th Workshop on Multiword Expressions MWE 2016},
	pages        = 112,
	url          = {https://www.aclweb.org/anthology/W/W16/W16-1817}
}
@inproceedings{goodfellow6572explaining,
	title        = {Explaining and harnessing adversarial examples},
	author       = {Goodfellow, Ian J and Shlens, Jonathon and Szegedy, Christian},
	year         = 2015,
	booktitle    = {Proceedings of the International Conference on Learning Representations (ICLR)},
	url          = {https://arxiv.org/abs/1412.6572}
}
@article{Graves2014NeuralTM,
	title        = {Neural {T}uring Machines},
	author       = {Alex Graves and Greg Wayne and Ivo Danihelka},
	year         = 2014,
	journal      = {ArXiv},
	volume       = {abs/1410.5401},
	url          = {https://arxiv.org/abs/1410.5401}
}
@inproceedings{gu-etal-2018-meta,
	title        = {Meta-Learning for Low-Resource Neural Machine Translation},
	author       = {Gu, Jiatao  and Wang, Yong  and Chen, Yun  and Li, Victor O. K.  and Cho, Kyunghyun},
	year         = 2018,
	month        = oct,
	booktitle    = {Proceedings of the 2018 Conference on Empirical Methods in Natural Language Processing},
	publisher    = {Association for Computational Linguistics},
	address      = {Brussels, Belgium},
	pages        = {3622--3631},
	url          = {https://www.aclweb.org/anthology/D18-1398}
}
@article{gu2018universal,
	title        = {Universal neural machine translation for extremely low resource languages},
	author       = {Gu, Jiatao and Hassan, Hany and Devlin, Jacob and Li, Victor OK},
	year         = 2018,
	journal      = {arXiv preprint arXiv:1802.05368},
	url          = {https://arxiv.org/abs/1802.05368}
}
@article{gulcehre2017integrating,
	title        = {On integrating a language model into neural machine translation},
	author       = {Gulcehre, Caglar and Firat, Orhan and Xu, Kelvin and Cho, Kyunghyun and Bengio, Yoshua},
	year         = 2017,
	journal      = {Computer Speech \& Language},
	publisher    = {Elsevier},
	volume       = 45,
	pages        = {137--148},
	url          = {https://www.sciencedirect.com/science/article/abs/pii/S0885230816301395}
}
@inproceedings{guo2014learning,
	title        = {Learning Sense-specific Word Embeddings By Exploiting Bilingual Resources.},
	author       = {Guo, Jiang and Che, Wanxiang and Wang, Haifeng and Liu, Ting},
	year         = 2014,
	booktitle    = {COLING},
	pages        = {497--507}
}
@inproceedings{Halawi:2012:LLW:2339530.2339751,
	title        = {Large-scale Learning of Word Relatedness with Constraints},
	author       = {Halawi, Guy and Dror, Gideon and Gabrilovich, Evgeniy and Koren, Yehuda},
	year         = 2012,
	booktitle    = {Proceedings of the 18th ACM SIGKDD International Conference on Knowledge Discovery and Data Mining},
	location     = {Beijing, China},
	publisher    = {ACM},
	address      = {New York, NY, USA},
	series       = {KDD '12},
	pages        = {1406--1414},
	url          = {http://doi.acm.org/10.1145/2339530.2339751},
	numpages     = 9
}
@article{Halevy:2009:UED:1525642.1525689,
	title        = {The Unreasonable Effectiveness of Data},
	author       = {Halevy, Alon and Norvig, Peter and Pereira, Fernando},
	year         = 2009,
	month        = mar,
	journal      = {IEEE Intelligent Systems},
	publisher    = {IEEE Educational Activities Department},
	address      = {Piscataway, NJ, USA},
	volume       = 24,
	number       = 2,
	pages        = {8--12},
	url          = {http://dx.doi.org/10.1109/MIS.2009.36},
	issue_date   = {March 2009},
	numpages     = 5
}
@inproceedings{halluc,
	title        = {Hallucinations in neural machine translation},
	author       = {Katherine Lee and Orhan Firat and Ashish Agarwal and Clara Fannjiang and David Sussillo},
	year         = 2018,
	booktitle    = {Neural Information Processing Systems (NeurIPS) Workshop on Interpretability and Robustness for Audio, Speech, and Language},
	url          = {https://openreview.net/pdf?id=SkxJ-309FQ},
	organization = {NeurIPS}
}
@inproceedings{hamp-feldweg-1997-germanet,
	title        = {{G}erma{N}et - a Lexical-Semantic Net for {G}erman},
	author       = {Hamp, Birgit  and Feldweg, Helmut},
	year         = 1997,
	booktitle    = {Automatic Information Extraction and Building of Lexical Semantic Resources for {NLP} Applications},
	url          = {https://www.aclweb.org/anthology/W97-0802}
}
@inproceedings{hassan2011semantic,
	title        = {Semantic relatedness using salient semantic analysis},
	author       = {Hassan, S. and Mihalcea, R.},
	year         = 2011,
	booktitle    = {Proceedings of AAAI Conference on Artificial Intelligence},
	url          = {https://www.aaai.org/ocs/index.php/AAAI/AAAI11/paper/view/3616/3972}
}
@article{He2016DeepRL,
	title        = {Deep Residual Learning for Image Recognition},
	author       = {Kaiming He and Xiangyu Zhang and Shaoqing Ren and Jian Sun},
	year         = 2016,
	journal      = {2016 IEEE Conference on Computer Vision and Pattern Recognition (CVPR)},
	pages        = {770--778},
	url          = {https://arxiv.org/abs/1512.03385}
}
@inproceedings{HENRICH10.264,
	title        = {{G}ern{E}di{T} - The {G}erma{N}et Editing Tool},
	author       = {Henrich, Verena  and Hinrichs, Erhard},
	year         = 2010,
	month        = may,
	booktitle    = {Proceedings of the Seventh International Conference on Language Resources and Evaluation ({LREC}'10)},
	publisher    = {European Language Resources Association (ELRA)},
	address      = {Valletta, Malta},
	url          = {http://www.lrec-conf.org/proceedings/lrec2010/pdf/264\%5FPaper.pdf}
}
@article{hill-etal-2015-simlex,
	title        = {{S}im{L}ex-999: Evaluating Semantic Models With (Genuine) Similarity Estimation},
	author       = {Hill, Felix  and Reichart, Roi  and Korhonen, Anna},
	year         = 2015,
	month        = dec,
	journal      = {Computational Linguistics},
	volume       = 41,
	number       = 4,
	pages        = {665--695},
	url          = {https://www.aclweb.org/anthology/J15-4004}
}
@article{hochreiter1997long,
	title        = {Long short-term memory},
	author       = {Hochreiter, Sepp and Schmidhuber, J{\"u}rgen},
	year         = 1997,
	journal      = {Neural Computation},
	publisher    = {MIT Press},
	volume       = 9,
	number       = 8,
	pages        = {1735--1780},
	url          = {https://www.mitpressjournals.org/doi/abs/10.1162/neco.1997.9.8.1735}
}
@inproceedings{huang2012improving,
	title        = {Improving Word Representations via Global Context and Multiple Word Prototypes},
	author       = {Huang, Eric  and  Socher, Richard  and  Manning, Christopher  and  Ng, Andrew},
	year         = 2012,
	month        = jul,
	booktitle    = {Proceedings of the 50th Annual Meeting of the Association for Computational Linguistics (Volume 1: Long Papers)},
	publisher    = {Association for Computational Linguistics},
	address      = {Jeju Island, Korea},
	pages        = {873--882},
	url          = {http://www.aclweb.org/anthology/P12-1092}
}
@incollection{huang2018gpipe,
	title        = {GPipe: Efficient Training of Giant Neural Networks using Pipeline Parallelism},
	author       = {Huang, Yanping and Cheng, Youlong and Bapna, Ankur and Firat, Orhan and Chen, Dehao and Chen, Mia and Lee, HyoukJoong and Ngiam, Jiquan and Le, Quoc V and Wu, Yonghui and Chen, zhifeng},
	year         = 2019,
	booktitle    = {Advances in Neural Information Processing Systems 32},
	publisher    = {Curran Associates, Inc.},
	pages        = {103--112},
	url          = {http://papers.nips.cc/paper/8305-gpipe-efficient-training-of-giant-neural-networks-using-pipeline-parallelism}
}
@inproceedings{iacobacci2015sensembed,
	title        = {SensEmbed: Learning Sense Embeddings for Word and Relational Similarity},
	author       = {Iacobacci, Ignacio  and  Pilehvar, Mohammad Taher  and  Navigli, Roberto},
	year         = 2015,
	month        = jul,
	booktitle    = {Proceedings of the 53rd Annual Meeting of the Association for Computational Linguistics and the 7th International Joint Conference on Natural Language Processing (Volume 1: Long Papers)},
	publisher    = {Association for Computational Linguistics},
	address      = {Beijing, China},
	pages        = {95--105}
}
@article{ide-veronis-1998-introduction,
	title        = {Introduction to the Special Issue on Word Sense Disambiguation: The State of the Art},
	author       = {Ide, Nancy  and V{\'e}ronis, Jean},
	year         = 1998,
	journal      = {Computational Linguistics},
	volume       = 24,
	number       = 1,
	pages        = {1--40},
	url          = {https://www.aclweb.org/anthology/J98-1001}
}
@article{inoue2018data,
	title        = {Data augmentation by pairing samples for images classification},
	author       = {Inoue, Hiroshi},
	year         = 2018,
	journal      = {arXiv preprint arXiv:1801.02929},
	url          = {https://arxiv.org/abs/1801.02929}
}
@inproceedings{isabelle2017challenge,
	title        = {A Challenge Set Approach to Evaluating Machine Translation},
	author       = {Isabelle, Pierre  and Cherry, Colin  and Foster, George},
	year         = 2017,
	month        = sep,
	booktitle    = {Proceedings of the 2017 Conference on Empirical Methods in Natural Language Processing},
	publisher    = {Association for Computational Linguistics},
	address      = {Copenhagen, Denmark},
	pages        = {2486--2496},
	url          = {https://www.aclweb.org/anthology/D17-1263}
}
@article{Jacquemin1994ATC,
	title        = {A Temporal Connectionist Approach to Natural Language},
	author       = {Jacquemin, Christian},
	year         = 1994,
	month        = jul,
	journal      = {SIGART Bull.},
	publisher    = {Association for Computing Machinery},
	address      = {New York, NY, USA},
	volume       = 5,
	number       = 3,
	pages        = {12--22},
	url          = {https://doi.org/10.1145/181911.181913},
	issue_date   = {July 1994},
	numpages     = 11
}
@inproceedings{jean-etal-2015-using,
	title        = {On Using Very Large Target Vocabulary for Neural Machine Translation},
	author       = {Jean, S{\'e}bastien  and Cho, Kyunghyun  and Memisevic, Roland  and Bengio, Yoshua},
	year         = 2015,
	month        = jul,
	booktitle    = {Proceedings of the 53rd Annual Meeting of the Association for Computational Linguistics and the 7th International Joint Conference on Natural Language Processing (Volume 1: Long Papers)},
	publisher    = {Association for Computational Linguistics},
	address      = {Beijing, China},
	pages        = {1--10},
	url          = {https://www.aclweb.org/anthology/P15-1001}
}
@book{jelinek98,
	title        = {Statistical Methods for Speech Recognition (Language, Speech, and Communication)},
	author       = {Jelinek, Frederick},
	year         = 1998,
	month        = jan,
	publisher    = {The MIT Press},
	url          = {http://www.amazon.fr/exec/obidos/ASIN/0262100665/citeulike04-21},
	description  = {Daniel Sonntag all references},
	howpublished = {Hardcover},
	owner        = {sonntag},
	priority     = 3
}
@article{johnson-etal-2017-googles,
	title        = {{G}oogle{'}s Multilingual Neural Machine Translation System: Enabling Zero-Shot Translation},
	author       = {Johnson, Melvin  and Schuster, Mike  and Le, Quoc V.  and Krikun, Maxim  and Wu, Yonghui  and Chen, Zhifeng  and Thorat, Nikhil  and Vi{\'e}gas, Fernanda  and Wattenberg, Martin  and Corrado, Greg  and Hughes, Macduff  and Dean, Jeffrey},
	year         = 2017,
	journal      = {Transactions of the Association for Computational Linguistics},
	volume       = 5,
	pages        = {339--351},
	url          = {https://www.aclweb.org/anthology/Q17-1024}
}
@article{Jordan2011THEEO,
	title        = {THE ERA OF BIG DATA},
	author       = {Michael I. Jordan},
	year         = 2011,
	journal      = {The official bulletin of the International Society for Bayesian Analysis},
	volume       = 18,
	number       = 2,
	url          = {http://jfsowa.com/ikl/Jordan11.pdf}
}
@article{journals/lre/Kilgarriff97,
	title        = {I Don't Believe in Word Senses},
	author       = {Kilgarriff, Adam},
	year         = 1997,
	journal      = {Computers and the Humanities},
	volume       = 31,
	number       = 2,
	pages        = {91--113},
	url          = {https://doi.org/10.1023/A:1000583911091}
}
@inproceedings{jozefowicz:2015,
	title        = {An Empirical Exploration of Recurrent Network Architectures},
	author       = {Rafal Jozefowicz and Wojciech Zaremba and Ilya Sutskever},
	year         = 2015,
	month        = {07--09 Jul},
	booktitle    = {Proceedings of the 32nd International Conference on Machine Learning},
	publisher    = {PMLR},
	address      = {Lille, France},
	series       = {Proceedings of Machine Learning Research},
	volume       = 37,
	pages        = {2342--2350},
	url          = {http://proceedings.mlr.press/v37/jozefowicz15.pdf},
	editor       = {Francis Bach and David Blei}
}
@inproceedings{kajiwara-komachi-2016-building,
	title        = {Building a Monolingual Parallel Corpus for Text Simplification Using Sentence Similarity Based on Alignment between Word Embeddings},
	author       = {Kajiwara, Tomoyuki  and Komachi, Mamoru},
	year         = 2016,
	month        = dec,
	booktitle    = {Proceedings of {COLING} 2016, the 26th International Conference on Computational Linguistics: Technical Papers},
	publisher    = {The COLING 2016 Organizing Committee},
	address      = {Osaka, Japan},
	pages        = {1147--1158},
	url          = {https://www.aclweb.org/anthology/C16-1109}
}
@inproceedings{karras2019style,
	title        = {A style-based generator architecture for generative adversarial networks},
	author       = {Karras, Tero and Laine, Samuli and Aila, Timo},
	year         = 2019,
	booktitle    = {Proceedings of the IEEE Conference on Computer Vision and Pattern Recognition},
	pages        = {4401--4410},
	url          = {https://arxiv.org/abs/1812.04948}
}
@inproceedings{katz-giesbrecht-2006-automatic,
	title        = {Automatic Identification of Non-Compositional Multi-Word Expressions using Latent Semantic Analysis},
	author       = {Katz, Graham  and Giesbrecht, Eugenie},
	year         = 2006,
	month        = jul,
	booktitle    = {Proceedings of the Workshop on Multiword Expressions: Identifying and Exploiting Underlying Properties},
	publisher    = {Association for Computational Linguistics},
	address      = {Sydney, Australia},
	pages        = {12--19},
	url          = {https://www.aclweb.org/anthology/W06-1203}
}
@inproceedings{kingma2014adam,
	title        = {Adam: A method for stochastic optimization},
	author       = {Kingma, Diederik P and Ba, Jimmy Lei},
	year         = 2015,
	booktitle    = {Proceedings of the International Conference on Learning Representations (ICLR)},
	url          = {https://arxiv.org/abs/1412.6980}
}
@book{kishida2005property,
	title        = {Property of average precision and its generalization: An examination of evaluation indicator for information retrieval experiments},
	author       = {Kishida, Kazuaki},
	year         = 2005,
	publisher    = {National Institute of Informatics Tokyo, Japan},
	url          = {https://www.nii.ac.jp/TechReports/public\%5Fhtml/05-014E.pdf}
}
@inproceedings{klyueva-etal-2017-neural,
	title        = {Neural Networks for Multi-Word Expression Detection},
	author       = {Klyueva, Natalia  and Doucet, Antoine  and Straka, Milan},
	year         = 2017,
	month        = apr,
	booktitle    = {Proceedings of the 13th Workshop on Multiword Expressions ({MWE} 2017)},
	publisher    = {Association for Computational Linguistics},
	address      = {Valencia, Spain},
	pages        = {60--65},
	url          = {https://www.aclweb.org/anthology/W17-1707}
}
@inproceedings{koehn-etal-2003-statistical,
	title        = {Statistical Phrase-Based Translation},
	author       = {Koehn, Philipp  and Och, Franz J.  and Marcu, Daniel},
	year         = 2003,
	booktitle    = {Proceedings of the 2003 Human Language Technology Conference of the North {A}merican Chapter of the Association for Computational Linguistics},
	pages        = {127--133},
	url          = {https://www.aclweb.org/anthology/N03-1017}
}
@inproceedings{koehn-etal-2007-moses,
	title        = {{M}oses: Open Source Toolkit for Statistical Machine Translation},
	author       = {Koehn, Philipp  and Hoang, Hieu  and Birch, Alexandra  and Callison-Burch, Chris  and Federico, Marcello  and Bertoldi, Nicola  and Cowan, Brooke  and Shen, Wade  and Moran, Christine  and Zens, Richard  and Dyer, Chris  and Bojar, Ond{\v{r}}ej  and Constantin, Alexandra  and Herbst, Evan},
	year         = 2007,
	month        = jun,
	booktitle    = {Proceedings of the 45th Annual Meeting of the Association for Computational Linguistics Companion Volume Proceedings of the Demo and Poster Sessions},
	publisher    = {Association for Computational Linguistics},
	address      = {Prague, Czech Republic},
	pages        = {177--180},
	url          = {https://www.aclweb.org/anthology/P07-2045}
}
@inproceedings{koehn2005europarl,
	title        = {Europarl: A parallel corpus for statistical machine translation},
	author       = {Koehn, Philipp},
	year         = 2005,
	booktitle    = {MT Summit},
	volume       = 5,
	pages        = {79--86},
	url          = {http://citeseerx.ist.psu.edu/viewdoc/download?doi=10.1.1.459.5497\&rep=rep1\&type=pdf},
	organization = {Citeseer}
}
@inproceedings{koehn2017six,
	title        = {Six Challenges for Neural Machine Translation},
	author       = {Koehn, Philipp  and Knowles, Rebecca},
	year         = 2017,
	month        = aug,
	booktitle    = {Proceedings of the First Workshop on Neural Machine Translation},
	publisher    = {Association for Computational Linguistics},
	address      = {Vancouver},
	pages        = {28--39},
	url          = {https://www.aclweb.org/anthology/W17-3204}
}
@inproceedings{kremer2014substitutes,
	title        = {What Substitutes Tell Us - Analysis of an "All-Words" Lexical Substitution Corpus},
	author       = {Kremer, Gerhard  and  Erk, Katrin  and  Pad\'{o}, Sebastian  and  Thater, Stefan},
	year         = 2014,
	month        = apr,
	booktitle    = {Proceedings of the 14th Conference of the European Chapter of the Association for Computational Linguistics},
	publisher    = {Association for Computational Linguistics},
	address      = {Gothenburg, Sweden},
	pages        = {540--549},
	url          = {http://www.aclweb.org/anthology/E14-1057}
}
@incollection{kynkaanniemi2019improved,
	title        = {Improved Precision and Recall Metric for Assessing Generative Models},
	author       = {Kynk\"{a}\"{a}nniemi, Tuomas and Karras, Tero and Laine, Samuli and Lehtinen, Jaakko and Aila, Timo},
	year         = 2019,
	booktitle    = {Advances in Neural Information Processing Systems 32},
	publisher    = {Curran Associates, Inc.},
	pages        = {3927--3936},
	url          = {http://papers.nips.cc/paper/8648-improved-precision-and-recall-metric-for-assessing-generative-models},
	editor       = {H. Wallach and H. Larochelle and A. Beygelzimer and F. d\textquotesingle Alch\'{e}-Buc and E. Fox and R. Garnett}
}
@inproceedings{L18-1148,
	title        = {Examining the Tip of the Iceberg: A Data Set for Idiom Translation},
	author       = {Fadaee, Marzieh and Bisazza, Arianna and Monz, Christof},
	year         = 2018,
	booktitle    = {Proceedings of the Eleventh International Conference on Language Resources and Evaluation (LREC-2018)},
	location     = {Miyazaki, Japan},
	publisher    = {European Language Resource Association},
	url          = {http://aclweb.org/anthology/L18-1148}
}
@inproceedings{lakew-etal-2018-comparison,
	title        = {A Comparison of Transformer and Recurrent Neural Networks on Multilingual Neural Machine Translation},
	author       = {Lakew, Surafel Melaku  and Cettolo, Mauro  and Federico, Marcello},
	year         = 2018,
	month        = aug,
	booktitle    = {Proceedings of the 27th International Conference on Computational Linguistics},
	publisher    = {Association for Computational Linguistics},
	address      = {Santa Fe, New Mexico, USA},
	pages        = {641--652},
	url          = {https://www.aclweb.org/anthology/C18-1054}
}
@inproceedings{Lambert:2011:ITM:2132960.2132997,
	title        = {Investigations on Translation Model Adaptation Using Monolingual Data},
	author       = {Lambert, Patrik and Schwenk, Holger and Servan, Christophe and Abdul-Rauf, Sadaf},
	year         = 2011,
	booktitle    = {Proceedings of the Sixth Workshop on Statistical Machine Translation},
	location     = {Edinburgh, Scotland},
	publisher    = {Association for Computational Linguistics},
	address      = {Stroudsburg, PA, USA},
	series       = {WMT11},
	pages        = {284--293},
	url          = {http://dl.acm.org/citation.cfm?id=2132960.2132997},
	numpages     = 10
}
@inproceedings{lample-etal-2018-phrase,
	title        = {Phrase-Based {\&} Neural Unsupervised Machine Translation},
	author       = {Lample, Guillaume  and Ott, Myle  and Conneau, Alexis  and Denoyer, Ludovic  and Ranzato, Marc{'}Aurelio},
	year         = 2018,
	month        = oct,
	booktitle    = {Proceedings of the 2018 Conference on Empirical Methods in Natural Language Processing},
	publisher    = {Association for Computational Linguistics},
	address      = {Brussels, Belgium},
	pages        = {5039--5049},
	url          = {https://www.aclweb.org/anthology/D18-1549}
}
@inproceedings{lample2018unsupervised,
	title        = {Unsupervised Machine Translation Using Monolingual Corpora Only},
	author       = {Guillaume Lample and Alexis Conneau and Ludovic Denoyer and Marc'Aurelio Ranzato},
	year         = 2018,
	booktitle    = {6th International Conference on Learning Representations, {ICLR} 2018, Vancouver, BC, Canada, April 30 - May 3, 2018, Conference Track Proceedings},
	url          = {https://openreview.net/forum?id=rkYTTf-AZ},
	bibsource    = {dblp computer science bibliography, https://dblp.org}
}
@inproceedings{Lan2020ALBERT:,
	title        = {{ALBERT}: A Lite {BERT} for Self-supervised Learning of Language Representations},
	author       = {Zhenzhong Lan and Mingda Chen and Sebastian Goodman and Kevin Gimpel and Piyush Sharma and Radu Soricut},
	year         = 2020,
	booktitle    = {International Conference on Learning Representations},
	url          = {https://openreview.net/forum?id=H1eA7AEtvS}
}
@inproceedings{lau2012word,
	title        = {Word Sense Induction for Novel Sense Detection},
	author       = {Lau, Jey Han  and  Cook, Paul  and  McCarthy, Diana  and  Newman, David  and  Baldwin, Timothy},
	year         = 2012,
	month        = apr,
	booktitle    = {Proceedings of the 13th Conference of the European Chapter of the Association for Computational Linguistics},
	publisher    = {Association for Computational Linguistics},
	address      = {Avignon, France},
	pages        = {591--601}
}
@inproceedings{lau2014learning,
	title        = {Learning Word Sense Distributions, Detecting Unattested Senses and Identifying Novel Senses Using Topic Models},
	author       = {Lau, Jey Han  and  Cook, Paul  and  McCarthy, Diana  and  Gella, Spandana  and  Baldwin, Timothy},
	year         = 2014,
	month        = jun,
	booktitle    = {Proceedings of the 52nd Annual Meeting of the Association for Computational Linguistics (Volume 1: Long Papers)},
	publisher    = {Association for Computational Linguistics},
	address      = {Baltimore, Maryland},
	pages        = {259--270},
	url          = {http://www.aclweb.org/anthology/P14-1025}
}
@article{lecun1998gradient,
	title        = {Gradient-based learning applied to document recognition},
	author       = {Y. {LeCun} and L. {Bottou} and Y. {Bengio} and P. {Haffner}},
	year         = 1998,
	journal      = {Proceedings of the IEEE},
	volume       = 86,
	number       = 11,
	pages        = {2278--2324},
	url          = {https://ieeexplore.ieee.org/abstract/document/726791}
}
@article{lee-etal-2017-fully,
	title        = {Fully Character-Level Neural Machine Translation without Explicit Segmentation},
	author       = {Lee, Jason  and Cho, Kyunghyun  and Hofmann, Thomas},
	year         = 2017,
	journal      = {Transactions of the Association for Computational Linguistics},
	volume       = 5,
	pages        = {365--378},
	url          = {https://www.aclweb.org/anthology/Q17-1026}
}
@inproceedings{lembersky-etal-2011-language,
	title        = {Language Models for Machine Translation: Original vs. Translated Texts},
	author       = {Lembersky, Gennadi  and Ordan, Noam  and Wintner, Shuly},
	year         = 2011,
	month        = jul,
	booktitle    = {Proceedings of the 2011 Conference on Empirical Methods in Natural Language Processing},
	publisher    = {Association for Computational Linguistics},
	address      = {Edinburgh, Scotland, UK.},
	pages        = {363--374},
	url          = {https://www.aclweb.org/anthology/D11-1034}
}
@article{levenshtein1966binary,
	title        = {Binary codes capable of correcting deletions, insertions, and reversals},
	author       = {Levenshtein, Vladimir I},
	year         = 1966,
	journal      = {Soviet physics doklady},
	volume       = 10,
	number       = 8,
	pages        = {707--710},
	url          = {https://nymity.ch/sybilhunting/pdf/Levenshtein1966a.pdf}
}
@inproceedings{levy2014dependency,
	title        = {Dependency-Based Word Embeddings},
	author       = {Levy, Omer  and  Goldberg, Yoav},
	year         = 2014,
	month        = jun,
	booktitle    = {Proceedings of the 52nd Annual Meeting of the Association for Computational Linguistics (Volume 2: Short Papers)},
	publisher    = {Association for Computational Linguistics},
	address      = {Baltimore, Maryland},
	pages        = {302--308},
	url          = {http://www.aclweb.org/anthology/P14-2050}
}
@incollection{levy2014neural,
	title        = {Neural Word Embedding as Implicit Matrix Factorization},
	author       = {Levy, Omer and Goldberg, Yoav},
	year         = 2014,
	booktitle    = {Advances in Neural Information Processing Systems 27},
	publisher    = {Curran Associates, Inc.},
	pages        = {2177--2185},
	editor       = {Ghahramani, Z. and Welling, M. and Cortes, C. and Lawrence, N. D. and Weinberger, K. Q.}
}
@article{levy2015improving,
	title        = {Improving Distributional Similarity with Lessons Learned from Word Embeddings},
	author       = {Omer Levy and Yoav Goldberg and Ido Dagan},
	year         = 2015,
	journal      = {Transactions of the Association for Computational Linguistics},
	volume       = 3,
	pages        = {211--225},
	url          = {https://transacl.org/ojs/index.php/tacl/article/view/570}
}
@inproceedings{lewis2019bart,
	title        = {{BART}: Denoising Sequence-to-Sequence Pre-training for Natural Language Generation, Translation, and Comprehension},
	author       = {Lewis, Mike  and Liu, Yinhan  and Goyal, Naman  and Ghazvininejad, Marjan  and Mohamed, Abdelrahman  and Levy, Omer  and Stoyanov, Veselin  and Zettlemoyer, Luke},
	year         = 2020,
	month        = jul,
	booktitle    = {Proceedings of the 58th Annual Meeting of the Association for Computational Linguistics},
	publisher    = {Association for Computational Linguistics},
	address      = {Online},
	pages        = {7871--7880},
	url          = {https://www.aclweb.org/anthology/2020.acl-main.703}
}
@inproceedings{li-etal-2010-topic,
	title        = {Topic Models for Word Sense Disambiguation and Token-Based Idiom Detection},
	author       = {Li, Linlin  and Roth, Benjamin  and Sporleder, Caroline},
	year         = 2010,
	month        = jul,
	booktitle    = {Proceedings of the 48th Annual Meeting of the Association for Computational Linguistics},
	publisher    = {Association for Computational Linguistics},
	address      = {Uppsala, Sweden},
	pages        = {1138--1147},
	url          = {https://www.aclweb.org/anthology/P10-1116}
}
@inproceedings{li-EtAl:2019:WMT1,
	title        = {Findings of the First Shared Task on Machine Translation Robustness},
	author       = {Li, Xian  and Michel, Paul  and Anastasopoulos, Antonios  and Belinkov, Yonatan  and Durrani, Nadir  and Firat, Orhan  and Koehn, Philipp  and Neubig, Graham  and Pino, Juan  and Sajjad, Hassan},
	year         = 2019,
	month        = aug,
	booktitle    = {Proceedings of the Fourth Conference on Machine Translation (Volume 2: Shared Task Papers, Day 1)},
	publisher    = {Association for Computational Linguistics},
	address      = {Florence, Italy},
	pages        = {91--102},
	url          = {https://www.aclweb.org/anthology/W19-5303}
}
@inproceedings{li-jurafsky:2015:EMNLP,
	title        = {Do Multi-Sense Embeddings Improve Natural Language Understanding?},
	author       = {Li, Jiwei  and  Jurafsky, Dan},
	year         = 2015,
	month        = sep,
	booktitle    = {Proceedings of the 2015 Conference on Empirical Methods in Natural Language Processing},
	publisher    = {Association for Computational Linguistics},
	address      = {Lisbon, Portugal},
	pages        = {1722--1732},
	url          = {http://aclweb.org/anthology/D15-1200}
}
@inproceedings{lin-2004-rouge,
	title        = {{ROUGE}: A Package for Automatic Evaluation of Summaries},
	author       = {Lin, Chin-Yew},
	year         = 2004,
	month        = jul,
	booktitle    = {Text Summarization Branches Out},
	publisher    = {Association for Computational Linguistics},
	address      = {Barcelona, Spain},
	pages        = {74--81},
	url          = {https://www.aclweb.org/anthology/W04-1013}
}
@inproceedings{ling2015two,
	title        = {Two/Too Simple Adaptations of Word2Vec for Syntax Problems},
	author       = {Ling, Wang  and  Dyer, Chris  and  Black, Alan W  and  Trancoso, Isabel},
	year         = 2015,
	month        = may,
	booktitle    = {Proceedings of the 2015 Conference of the North American Chapter of the Association for Computational Linguistics: Human Language Technologies},
	publisher    = {Association for Computational Linguistics},
	address      = {Denver, Colorado},
	pages        = {1299--1304}
}
@inproceedings{liu2016ssd,
	title        = {Ssd: Single shot multibox detector},
	author       = {Liu, Wei and Anguelov, Dragomir and Erhan, Dumitru and Szegedy, Christian and Reed, Scott and Fu, Cheng-Yang and Berg, Alexander C},
	year         = 2016,
	booktitle    = {European conference on computer vision},
	pages        = {21--37},
	url          = {https://link.springer.com/chapter/10.1007/978-3-319-46448-0\%5F2},
	organization = {Springer}
}
@inproceedings{luong-etal-2013-better,
	title        = {Better Word Representations with Recursive Neural Networks for Morphology},
	author       = {Luong, Thang  and Socher, Richard  and Manning, Christopher},
	year         = 2013,
	month        = aug,
	booktitle    = {Proceedings of the Seventeenth Conference on Computational Natural Language Learning},
	publisher    = {Association for Computational Linguistics},
	address      = {Sofia, Bulgaria},
	pages        = {104--113},
	url          = {https://www.aclweb.org/anthology/W13-3512}
}
@inproceedings{luong:2015:EMNLP,
	title        = {Effective Approaches to Attention-based Neural Machine Translation},
	author       = {Luong, Thang  and  Pham, Hieu  and  Manning, Christopher D.},
	year         = 2015,
	month        = sep,
	booktitle    = {Proceedings of the 2015 Conference on Empirical Methods in Natural Language Processing},
	publisher    = {Association for Computational Linguistics},
	address      = {Lisbon, Portugal},
	pages        = {1412--1421},
	url          = {http://aclweb.org/anthology/D15-1166}
}
@inproceedings{luong2014addressing,
	title        = {Addressing the Rare Word Problem in Neural Machine Translation},
	author       = {Luong, Thang  and Sutskever, Ilya  and Le, Quoc  and Vinyals, Oriol  and Zaremba, Wojciech},
	year         = 2015,
	month        = jul,
	booktitle    = {Proceedings of the 53rd Annual Meeting of the Association for Computational Linguistics and the 7th International Joint Conference on Natural Language Processing (Volume 1: Long Papers)},
	publisher    = {Association for Computational Linguistics},
	address      = {Beijing, China},
	pages        = {11--19},
	url          = {https://www.aclweb.org/anthology/P15-1002}
}
@article{mandar2020,
	title        = {{SpanBERT}: Improving Pre-training by Representing and Predicting Spans},
	author       = {Joshi, Mandar and Chen, Danqi and Liu, Yinhan and Weld, Daniel S. and Zettlemoyer, Luke and Levy, Omer},
	year         = 2020,
	journal      = {Transactions of the Association for Computational Linguistics},
	url          = {https://arxiv.org/abs/1907.10529}
}
@article{manning2015computational,
	title        = {Computational Linguistics and Deep Learning},
	author       = {Christopher D. Manning},
	year         = 2015,
	journal      = {Computational Linguistics},
	volume       = 41,
	number       = 4,
	pages        = {701--707}
}
@proceedings{markantonatou2017proceedings,
	title        = {Proceedings of the 13th Workshop on Multiword Expressions ({MWE} 2017)},
	year         = 2017,
	month        = apr,
	publisher    = {Association for Computational Linguistics},
	address      = {Valencia, Spain},
	url          = {https://www.aclweb.org/anthology/W17-1700},
	editor       = {Markantonatou, Stella  and Ramisch, Carlos  and Savary, Agata  and Vincze, Veronika}
}
@inproceedings{Marton:2009:ISM:1699510.1699560,
	title        = {Improved Statistical Machine Translation Using Monolingually-Derived Paraphrases},
	author       = {Marton, Yuval  and  Callison-Burch, Chris  and  Resnik, Philip},
	year         = 2009,
	month        = aug,
	booktitle    = {Proceedings of the 2009 Conference on Empirical Methods in Natural Language Processing},
	publisher    = {Association for Computational Linguistics},
	address      = {Singapore},
	pages        = {381--390},
	url          = {http://www.aclweb.org/anthology/D/D09/D09-1040}
}
@inproceedings{mccarthy2007semeval,
	title        = {SemEval-2007 Task 10: English Lexical Substitution Task},
	author       = {McCarthy, Diana  and  Navigli, Roberto},
	year         = 2007,
	month        = jun,
	booktitle    = {Proceedings of the Fourth International Workshop on Semantic Evaluations (SemEval-2007)},
	publisher    = {Association for Computational Linguistics},
	address      = {Prague, Czech Republic},
	pages        = {48--53},
	url          = {http://www.aclweb.org/anthology/S/S07/S07-1009}
}
@phdthesis{meij2010thesis,
	title        = {Combining Concepts and Language Models for Information Access},
	author       = {Meij, E.},
	year         = 2010,
	school       = {University of Amsterdam}
}
@book{Melamed98manualannotation,
	title        = {Manual annotation of translational equivalence: The Blinker project},
	author       = {I. Dan Melamed},
	year         = 1998,
	publisher    = {University of Pennsylvania},
	url          = {https://arxiv.org/abs/cmp-lg/9805005},
	book         = {IRCS Technical Reports Series}
}
@inproceedings{melamud2015simple,
	title        = {A Simple Word Embedding Model for Lexical Substitution},
	author       = {Melamud, Oren  and  Levy, Omer  and  Dagan, Ido},
	year         = 2015,
	month        = jun,
	booktitle    = {Proceedings of the 1st Workshop on Vector Space Modeling for Natural Language Processing},
	publisher    = {Association for Computational Linguistics},
	address      = {Denver, Colorado},
	pages        = {1--7},
	url          = {http://www.aclweb.org/anthology/W15-1501}
}
@inproceedings{mikolov-etal-2013-linguistic,
	title        = {Linguistic Regularities in Continuous Space Word Representations},
	author       = {Mikolov, Tomas  and Yih, Wen-tau  and Zweig, Geoffrey},
	year         = 2013,
	month        = jun,
	booktitle    = {Proceedings of the 2013 Conference of the North {A}merican Chapter of the Association for Computational Linguistics: Human Language Technologies},
	publisher    = {Association for Computational Linguistics},
	address      = {Atlanta, Georgia},
	pages        = {746--751},
	url          = {https://www.aclweb.org/anthology/N13-1090}
}
@incollection{mikolov2013distributed,
	title        = {Distributed Representations of Words and Phrases and their Compositionality},
	author       = {Mikolov, Tomas and Sutskever, Ilya and Chen, Kai and Corrado, Greg S and Dean, Jeff},
	year         = 2013,
	booktitle    = {Advances in Neural Information Processing Systems 26},
	publisher    = {Curran Associates, Inc.},
	pages        = {3111--3119},
	url          = {http://papers.nips.cc/paper/5021-distributed-representations-of-words-and-phrases-and-their-compositionality}
}
@article{mikolov2013efficient,
	title        = {Efficient estimation of word representations in vector space},
	author       = {Mikolov, Tomas and Chen, Kai and Corrado, Greg and Dean, Jeffrey},
	year         = 2013,
	journal      = {arXiv preprint arXiv:1301.3781},
	url          = {https://arxiv.org/abs/1301.3781}
}
@inproceedings{miller-1985-dictionaries,
	title        = {Dictionaries of the Mind},
	author       = {Miller, George A.},
	year         = 1985,
	month        = jul,
	booktitle    = {23rd Annual Meeting of the Association for Computational Linguistics},
	publisher    = {Association for Computational Linguistics},
	address      = {Chicago, Illinois, USA},
	pages        = {305--314},
	url          = {https://www.aclweb.org/anthology/P85-1038}
}
@article{miller1991contextual,
	title        = {Contextual correlates of semantic similarity},
	author       = {Miller, George A and Charles, Walter G},
	year         = 1991,
	journal      = {Language and Cognitive Processes},
	publisher    = {Psychology Press},
	volume       = 6,
	number       = 1,
	pages        = {1--28},
	url          = {http://eric.ed.gov/ERICWebPortal/recordDetail?accno=EJ431389}
}
@article{miller1995wordnet,
	title        = {WordNet: A Lexical Database for English},
	author       = {Miller, George A.},
	year         = 1995,
	month        = nov,
	journal      = {Commun. ACM},
	publisher    = {ACM},
	address      = {New York, NY, USA},
	volume       = 38,
	number       = 11,
	pages        = {39--41},
	url          = {https://dl.acm.org/doi/abs/10.1145/219717.219748},
	issue_date   = {Nov. 1995},
	numpages     = 3
}
@inproceedings{montague1974d,
	title        = {Universal Grammar},
	author       = {Montague, Richard},
	year         = 1974,
	booktitle    = {Formal Philosophy: Selected Papers of Richard Montague},
	publisher    = {Yale University Press},
	address      = {New Haven, London},
	series       = {Theoria},
	number       = {222--247},
	url          = {https://onlinelibrary.wiley.com/doi/abs/10.1111/j.1755-2567.1970.tb00434.x},
	editor       = {Thomason, Richmond H.}
}
@inproceedings{moore-lewis-2010-intelligent,
	title        = {Intelligent Selection of Language Model Training Data},
	author       = {Moore, Robert C.  and Lewis, William},
	year         = 2010,
	month        = jul,
	booktitle    = {Proceedings of the {ACL} 2010 Conference Short Papers},
	publisher    = {Association for Computational Linguistics},
	address      = {Uppsala, Sweden},
	pages        = {220--224},
	url          = {https://www.aclweb.org/anthology/P10-2041}
}
@inproceedings{moussallem-etal-2018-lidioms,
	title        = {{LI}dioms: A Multilingual Linked Idioms Data Set},
	author       = {Moussallem, Diego  and Sherif, Mohamed Ahmed  and Esteves, Diego  and Zampieri, Marcos  and Ngonga Ngomo, Axel-Cyrille},
	year         = 2018,
	month        = may,
	booktitle    = {Proceedings of the Eleventh International Conference on Language Resources and Evaluation ({LREC}-2018)},
	publisher    = {European Languages Resources Association (ELRA)},
	address      = {Miyazaki, Japan},
	url          = {https://www.aclweb.org/anthology/L18-1392}
}
@inproceedings{muzny2013automatic,
	title        = {Automatic Idiom Identification in {W}iktionary},
	author       = {Muzny, Grace  and Zettlemoyer, Luke},
	year         = 2013,
	month        = oct,
	booktitle    = {Proceedings of the 2013 Conference on Empirical Methods in Natural Language Processing},
	publisher    = {Association for Computational Linguistics},
	address      = {Seattle, Washington, USA},
	pages        = {1417--1421},
	url          = {https://www.aclweb.org/anthology/D13-1145}
}
@inproceedings{navigli2010babelnet,
	title        = {Babel{N}et: {B}uilding a very large multilingual semantic network},
	author       = {Navigli, Roberto  and  Ponzetto, Simone Paolo},
	year         = 2010,
	month        = jul,
	booktitle    = {Proceedings of the 48th Annual Meeting of the Association for Computational Linguistics},
	publisher    = {Association for Computational Linguistics},
	address      = {Uppsala, Sweden},
	pages        = {216--225},
	url          = {http://www.aclweb.org/anthology/P10-1023}
}
@inbook{Navigli2012,
	title        = {SOFSEM 2012: Theory and Practice of Computer Science: 38th Conference on Current Trends in Theory and Practice of Computer Science, {\v{S}}pindler{\r{u}}v Ml{\'y}n, Czech Republic, January 21-27, 2012. Proceedings},
	author       = {Navigli, Roberto},
	year         = 2012,
	publisher    = {Springer Berlin Heidelberg},
	address      = {Berlin, Heidelberg},
	pages        = {115--129},
	url          = {https://link.springer.com/book/10.1007\%2F978-3-642-27660-6},
	chapter      = {A Quick Tour of Word Sense Disambiguation, Induction and Related Approaches}
}
@inproceedings{neelakantan2014efficient,
	title        = {Efficient Non-parametric Estimation of Multiple Embeddings per Word in Vector Space},
	author       = {Neelakantan, Arvind  and  Shankar, Jeevan  and  Passos, Alexandre  and  McCallum, Andrew},
	year         = 2014,
	month        = oct,
	booktitle    = {Proceedings of the 2014 Conference on Empirical Methods in Natural Language Processing (EMNLP)},
	publisher    = {Association for Computational Linguistics},
	address      = {Doha, Qatar},
	pages        = {1059--1069},
	url          = {http://www.aclweb.org/anthology/D14-1113}
}
@inproceedings{ngo-etal-2019-overcoming,
	title        = {Overcoming the Rare Word Problem for low-resource language pairs in Neural Machine Translation},
	author       = {Ngo, Thi-Vinh  and Ha, Thanh-Le  and Nguyen, Phuong-Thai  and Nguyen, Le-Minh},
	year         = 2019,
	month        = nov,
	booktitle    = {Proceedings of the 6th Workshop on Asian Translation},
	publisher    = {Association for Computational Linguistics},
	address      = {Hong Kong, China},
	pages        = {207--214},
	url          = {https://www.aclweb.org/anthology/D19-5228}
}
@incollection{NIPS1996_1250,
	title        = {Effective Training of a Neural Network Character Classifier for Word Recognition},
	author       = {Larry S. Yaeger and Richard F. Lyon and Brandyn J. Webb},
	year         = 1997,
	booktitle    = {Advances in Neural Information Processing Systems 9},
	publisher    = {MIT Press},
	pages        = {807--816},
	url          = {http://papers.nips.cc/paper/1250-effective-training-of-a-neural-network-character-classifier-for-word-recognition},
	editor       = {M. C. Mozer and M. I. Jordan and T. Petsche}
}
@incollection{NIPS2012_4824,
	title        = {ImageNet Classification with Deep Convolutional Neural Networks},
	author       = {Alex Krizhevsky and Sutskever, Ilya and Hinton, Geoffrey E},
	year         = 2012,
	booktitle    = {Advances in Neural Information Processing Systems 25},
	publisher    = {Curran Associates, Inc.},
	pages        = {1097--1105},
	url          = {http://papers.nips.cc/paper/4824-imagenet-classification-with-deep-convolutional-neural-networks},
	editor       = {F. Pereira and C. J. C. Burges and L. Bottou and K. Q. Weinberger}
}
@incollection{NIPS2015_5950,
	title        = {Skip-Thought Vectors},
	author       = {Kiros, Ryan and Zhu, Yukun and Salakhutdinov, Ruslan R and Zemel, Richard and Urtasun, Raquel and Torralba, Antonio and Fidler, Sanja},
	year         = 2015,
	booktitle    = {Advances in Neural Information Processing Systems 28},
	publisher    = {Curran Associates, Inc.},
	pages        = {3294--3302},
	url          = {http://papers.nips.cc/paper/5950-skip-thought-vectors},
	editor       = {C. Cortes and N. D. Lawrence and D. D. Lee and M. Sugiyama and R. Garnett}
}
@incollection{NIPS2016_6469,
	title        = {Dual Learning for Machine Translation},
	author       = {He, Di and Xia, Yingce and Qin, Tao and Wang, Liwei and Yu, Nenghai and Liu, Tie-Yan and Ma, Wei-Ying},
	year         = 2016,
	booktitle    = {Advances in Neural Information Processing Systems 29},
	publisher    = {Curran Associates, Inc.},
	pages        = {820--828},
	url          = {http://papers.nips.cc/paper/6469-dual-learning-for-machine-translation},
	editor       = {D. D. Lee and M. Sugiyama and U. V. Luxburg and I. Guyon and R. Garnett}
}
@incollection{NIPS2017_7278,
	title        = {Learning to Model the Tail},
	author       = {Wang, Yu-Xiong and Ramanan, Deva and Hebert, Martial},
	year         = 2017,
	booktitle    = {Advances in Neural Information Processing Systems 30},
	publisher    = {Curran Associates, Inc.},
	pages        = {7029--7039},
	url          = {http://papers.nips.cc/paper/7278-learning-to-model-the-tail},
	editor       = {I. Guyon and U. V. Luxburg and S. Bengio and H. Wallach and R. Fergus and S. Vishwanathan and R. Garnett}
}
@article{ostling2017neural,
	title        = {Neural machine translation for low-resource languages},
	author       = {{\"O}stling, Robert and Tiedemann, J{\"o}rg},
	year         = 2017,
	journal      = {arXiv preprint arXiv:1708.05729},
	url          = {https://arxiv.org/abs/1708.05729}
}
@inproceedings{Papineni2001,
	title        = {Bleu: a Method for Automatic Evaluation of Machine Translation},
	author       = {Kishore Papineni  and  Salim Roukos  and  Todd Ward  and  Wei-Jing Zhu},
	year         = 2002,
	month        = jul,
	booktitle    = {Proceedings of 40th Annual Meeting of the Association for Computational Linguistics},
	publisher    = {Association for Computational Linguistics},
	address      = {Philadelphia, Pennsylvania, USA},
	pages        = {311--318},
	url          = {http://www.aclweb.org/anthology/P02-1040}
}
@article{Pelletier94theprinciple,
	title        = {The Principle of Semantic Compositionality},
	author       = {Francis Jeffry Pelletier},
	year         = 1994,
	journal      = {Topoi},
	volume       = 13,
	pages        = {11--24},
	url          = {https://link.springer.com/article/10.1007\%2FBF00763644}
}
@inproceedings{pennington2014glove,
	title        = {Glove: {G}lobal Vectors for Word Representation},
	author       = {Pennington, Jeffrey  and  Socher, Richard  and  Manning, Christopher},
	year         = 2014,
	month        = oct,
	booktitle    = {Proceedings of the 2014 Conference on Empirical Methods in Natural Language Processing (EMNLP)},
	publisher    = {Association for Computational Linguistics},
	address      = {Doha, Qatar},
	pages        = {1532--1543},
	url          = {http://www.aclweb.org/anthology/D14-1162}
}
@inproceedings{peters-etal-2018-deep,
	title        = {Deep Contextualized Word Representations},
	author       = {Peters, Matthew  and Neumann, Mark  and Iyyer, Mohit  and Gardner, Matt  and Clark, Christopher  and Lee, Kenton  and Zettlemoyer, Luke},
	year         = 2018,
	month        = jun,
	booktitle    = {Proceedings of the 2018 Conference of the North {A}merican Chapter of the Association for Computational Linguistics: Human Language Technologies, Volume 1 (Long Papers)},
	publisher    = {Association for Computational Linguistics},
	address      = {New Orleans, Louisiana},
	pages        = {2227--2237},
	url          = {https://www.aclweb.org/anthology/N18-1202}
}
@inproceedings{pham2017karlsruhe,
	title        = {The {K}arlsruhe {I}nstitute of {T}echnology Systems for the News Translation Task in {WMT} 2017},
	author       = {Pham, Ngoc-Quan  and Niehues, Jan  and Ha, Thanh-Le  and Cho, Eunah  and Sperber, Matthias  and Waibel, Alexander},
	year         = 2017,
	month        = sep,
	booktitle    = {Proceedings of the Second Conference on Machine Translation},
	publisher    = {Association for Computational Linguistics},
	address      = {Copenhagen, Denmark},
	pages        = {366--373},
	url          = {https://www.aclweb.org/anthology/W17-4736}
}
@inproceedings{pmlr-v70-gehring17a,
	title        = {Convolutional Sequence to Sequence Learning},
	author       = {Jonas Gehring and Michael Auli and David Grangier and Denis Yarats and Yann N. Dauphin},
	year         = 2017,
	month        = {06--11 Aug},
	booktitle    = {Proceedings of the 34th International Conference on Machine Learning},
	publisher    = {PMLR},
	address      = {International Convention Centre, Sydney, Australia},
	series       = {Proceedings of Machine Learning Research},
	volume       = 70,
	pages        = {1243--1252},
	url          = {http://proceedings.mlr.press/v70/gehring17a.html},
	editor       = {Doina Precup and Yee Whye Teh},
	pdf          = {http://proceedings.mlr.press/v70/gehring17a/gehring17a.pdf}
}
@inproceedings{qi-etal-2018-pre,
	title        = {When and Why Are Pre-Trained Word Embeddings Useful for Neural Machine Translation?},
	author       = {Qi, Ye  and Sachan, Devendra  and Felix, Matthieu  and Padmanabhan, Sarguna  and Neubig, Graham},
	year         = 2018,
	month        = jun,
	booktitle    = {Proceedings of the 2018 Conference of the North {A}merican Chapter of the Association for Computational Linguistics: Human Language Technologies, Volume 2 (Short Papers)},
	publisher    = {Association for Computational Linguistics},
	address      = {New Orleans, Louisiana},
	pages        = {529--535},
	url          = {https://www.aclweb.org/anthology/N18-2084}
}
@inproceedings{qiu-tu-yu:2016:EMNLP2016,
	title        = {Context-Dependent Sense Embedding},
	author       = {Qiu, Lin  and  Tu, Kewei  and  Yu, Yong},
	year         = 2016,
	month        = nov,
	booktitle    = {Proceedings of the 2016 Conference on Empirical Methods in Natural Language Processing},
	publisher    = {Association for Computational Linguistics},
	address      = {Austin, Texas},
	pages        = {183--191},
	url          = {https://aclweb.org/anthology/D16-1018}
}
@article{radford2019language,
	title        = {Language Models are Unsupervised Multitask Learners},
	author       = {Radford, Alec and Wu, Jeff and Child, Rewon and Luan, David and Amodei, Dario and Sutskever, Ilya},
	year         = 2019,
	journal      = {Technical report},
	url          = {https://www.ceid.upatras.gr/webpages/faculty/zaro/teaching/alg-ds/PRESENTATIONS/PAPERS/2019-Radford-et-al\%5FLanguage-Models-Are-Unsupervised-Multitask-\%20Learners.pdf}
}
@inproceedings{Radinsky:2011:WTC:1963405.1963455,
	title        = {A Word at a Time: Computing Word Relatedness Using Temporal Semantic Analysis},
	author       = {Radinsky, Kira and Agichtein, Eugene and Gabrilovich, Evgeniy and Markovitch, Shaul},
	year         = 2011,
	booktitle    = {Proceedings of the 20th International Conference on World Wide Web},
	location     = {Hyderabad, India},
	publisher    = {ACM},
	address      = {New York, NY, USA},
	series       = {WWW '11},
	pages        = {337--346},
	url          = {http://doi.acm.org/10.1145/1963405.1963455},
	numpages     = 10
}
@inproceedings{Rapp:2009:BSA:1667583.1667625,
	title        = {The Back-translation Score: Automatic {MT} Evaluation at the Sentence Level Without Reference Translations},
	author       = {Rapp, Reinhard},
	year         = 2009,
	booktitle    = {Proceedings of the ACL-IJCNLP 2009 Conference Short Papers},
	location     = {Suntec, Singapore},
	publisher    = {Association for Computational Linguistics},
	address      = {Stroudsburg, PA, USA},
	series       = {ACLShort '09},
	pages        = {133--136},
	url          = {http://dl.acm.org/citation.cfm?id=1667583.1667625},
	numpages     = 4
}
@inbook{ref1,
	title        = {Spearman Rank Correlation Coefficient},
	year         = 2008,
	booktitle    = {The Concise Encyclopedia of Statistics},
	publisher    = {Springer New York},
	address      = {New York, NY},
	pages        = {502--505},
	url          = {https://doi.org/10.1007/978-0-387-32833-1\%5F379}
}
@inproceedings{reisinger-mooney:2010:NAACLHLT,
	title        = {Multi-Prototype Vector-Space Models of Word Meaning},
	author       = {Reisinger, Joseph  and  Mooney, Raymond J.},
	year         = 2010,
	month        = jun,
	booktitle    = {Human Language Technologies: The 2010 Annual Conference of the North American Chapter of the Association for Computational Linguistics},
	publisher    = {Association for Computational Linguistics},
	address      = {Los Angeles, California},
	pages        = {109--117},
	url          = {http://www.aclweb.org/anthology/N10-1013}
}
@misc{resnick2019capacity,
	title        = {Capacity, Bandwidth, and Compositionality in Emergent Language Learning},
	author       = {Cinjon Resnick and Abhinav Gupta and Jakob Foerster and Andrew M. Dai and Kyunghyun Cho},
	year         = 2019,
	url          = {https://arxiv.org/abs/1910.11424},
	eprint       = {1910.11424},
	archiveprefix = {arXiv},
	primaryclass = {cs.CL}
}
@inproceedings{rios-etal-2018-word,
	title        = {The Word Sense Disambiguation Test Suite at {WMT}18},
	author       = {Rios, Annette  and M{\"u}ller, Mathias  and Sennrich, Rico},
	year         = 2018,
	month        = oct,
	booktitle    = {Proceedings of the Third Conference on Machine Translation: Shared Task Papers},
	publisher    = {Association for Computational Linguistics},
	address      = {Belgium, Brussels},
	pages        = {588--596},
	url          = {https://www.aclweb.org/anthology/W18-6437}
}
@article{Rubenstein:1965:CCS:365628.365657,
	title        = {Contextual Correlates of Synonymy},
	author       = {Rubenstein, Herbert and Goodenough, John B.},
	year         = 1965,
	month        = oct,
	journal      = {Communications of the ACM},
	publisher    = {ACM},
	address      = {New York, NY, USA},
	volume       = 8,
	number       = 10,
	pages        = {627--633},
	url          = {http://doi.acm.org/10.1145/365628.365657},
	issue_date   = {Oct. 1965},
	numpages     = 7
}
@inproceedings{salehi-cook-2013-predicting,
	title        = {Predicting the Compositionality of Multiword Expressions Using Translations in Multiple Languages},
	author       = {Salehi, Bahar  and Cook, Paul},
	year         = 2013,
	month        = jun,
	booktitle    = {Second Joint Conference on Lexical and Computational Semantics (\textasteriskcentered{SEM}), Volume 1: Proceedings of the Main Conference and the Shared Task: Semantic Textual Similarity},
	publisher    = {Association for Computational Linguistics},
	address      = {Atlanta, Georgia, USA},
	pages        = {266--275},
	url          = {https://www.aclweb.org/anthology/S13-1039}
}
@inproceedings{salehi-etal-2015-word,
	title        = {A Word Embedding Approach to Predicting the Compositionality of Multiword Expressions},
	author       = {Salehi, Bahar  and Cook, Paul  and Baldwin, Timothy},
	year         = 2015,
	month        = may,
	booktitle    = {Proceedings of the 2015 Conference of the North {A}merican Chapter of the Association for Computational Linguistics: Human Language Technologies},
	publisher    = {Association for Computational Linguistics},
	address      = {Denver, Colorado},
	pages        = {977--983},
	url          = {https://www.aclweb.org/anthology/N15-1099}
}
@inproceedings{salton-etal-2014-evaluation,
	title        = {Evaluation of a Substitution Method for Idiom Transformation in Statistical Machine Translation},
	author       = {Salton, Giancarlo  and Ross, Robert  and Kelleher, John},
	year         = 2014,
	month        = apr,
	booktitle    = {Proceedings of the 10th Workshop on Multiword Expressions ({MWE})},
	publisher    = {Association for Computational Linguistics},
	address      = {Gothenburg, Sweden},
	pages        = {38--42},
	url          = {https://www.aclweb.org/anthology/W14-0806}
}
@inproceedings{salton-etal-2016-idiom,
	title        = {Idiom Token Classification using Sentential Distributed Semantics},
	author       = {Salton, Giancarlo  and Ross, Robert  and Kelleher, John},
	year         = 2016,
	month        = aug,
	booktitle    = {Proceedings of the 54th Annual Meeting of the Association for Computational Linguistics (Volume 1: Long Papers)},
	publisher    = {Association for Computational Linguistics},
	address      = {Berlin, Germany},
	pages        = {194--204},
	url          = {https://www.aclweb.org/anthology/P16-1019}
}
@inproceedings{salton-ross-kelleher:2014:HyTra,
	title        = {An Empirical Study of the Impact of Idioms on Phrase Based Statistical Machine Translation of English to Brazilian-Portuguese},
	author       = {Salton, Giancarlo  and  Ross, Robert  and  Kelleher, John},
	year         = 2014,
	month        = apr,
	booktitle    = {Proceedings of the 3rd Workshop on Hybrid Approaches to Machine Translation (HyTra)},
	publisher    = {Association for Computational Linguistics},
	address      = {Gothenburg, Sweden},
	pages        = {36--41},
	url          = {http://www.aclweb.org/anthology/W14-1007}
}
@inproceedings{Schenk:1986:IRM:991365.991458,
	title        = {Idioms in the {R}osetta Machine Translation System},
	author       = {Schenk, Andr{\'e}},
	year         = 1986,
	booktitle    = {Proceedings of the 11th Coference on Computational Linguistics},
	location     = {Bonn, Germany},
	publisher    = {Association for Computational Linguistics},
	address      = {Stroudsburg, PA, USA},
	series       = {COLING '86},
	pages        = {319--324},
	url          = {https://doi.org/10.3115/991365.991458},
	numpages     = 6
}
@book{Schmidhuber:HabilitationThesis,
	title        = {Habilitation thesis},
	author       = {Schmidhuber, J.},
	year         = 1993,
	publisher    = {Institut f{\"u}r Informatik, Technische Universit{\"a}t M{\"u}nchen},
	url          = {ftp://ftp.idsia.ch/pub/juergen/habilitation.pdf}
}
@inproceedings{Schwenk2008InvestigationsOL,
	title        = {Investigations on large-scale lightly-supervised training for statistical machine translation},
	author       = {Holger Schwenk},
	year         = 2008,
	booktitle    = {IWSLT},
	url          = {https://www.isca-speech.org/archive/iwslt\%5F08/papers/slt8\%5F182.pdf}
}
@inproceedings{sennrich-etal-2016-controlling,
	title        = {Controlling Politeness in Neural Machine Translation via Side Constraints},
	author       = {Sennrich, Rico  and Haddow, Barry  and Birch, Alexandra},
	year         = 2016,
	month        = jun,
	booktitle    = {Proceedings of the 2016 Conference of the North {A}merican Chapter of the Association for Computational Linguistics: Human Language Technologies},
	publisher    = {Association for Computational Linguistics},
	address      = {San Diego, California},
	pages        = {35--40},
	url          = {https://www.aclweb.org/anthology/N16-1005}
}
@inproceedings{sennrich-haddow-birch:2016:P16-11,
	title        = {Improving Neural Machine Translation Models with Monolingual Data},
	author       = {Sennrich, Rico  and  Haddow, Barry  and  Birch, Alexandra},
	year         = 2016,
	month        = aug,
	booktitle    = {Proceedings of the 54th Annual Meeting of the Association for Computational Linguistics (Volume 1: Long Papers)},
	publisher    = {Association for Computational Linguistics},
	address      = {Berlin, Germany},
	pages        = {86--96},
	url          = {http://www.aclweb.org/anthology/P16-1009}
}
@inproceedings{sennrich-haddow-birch:2016:P16-12,
	title        = {Neural Machine Translation of Rare Words with Subword Units},
	author       = {Sennrich, Rico  and  Haddow, Barry  and  Birch, Alexandra},
	year         = 2016,
	month        = aug,
	booktitle    = {Proceedings of the 54th Annual Meeting of the Association for Computational Linguistics (Volume 1: Long Papers)},
	publisher    = {Association for Computational Linguistics},
	address      = {Berlin, Germany},
	pages        = {1715--1725},
	url          = {http://www.aclweb.org/anthology/P16-1162}
}
@inproceedings{shao-etal-2018-evaluating,
	title        = {Evaluating Machine Translation Performance on {C}hinese Idioms with a Blacklist Method},
	author       = {Shao, Yutong  and Sennrich, Rico  and Webber, Bonnie  and Fancellu, Federico},
	year         = 2018,
	month        = may,
	booktitle    = {Proceedings of the Eleventh International Conference on Language Resources and Evaluation ({LREC}-2018)},
	publisher    = {European Languages Resources Association (ELRA)},
	address      = {Miyazaki, Japan},
	url          = {https://www.aclweb.org/anthology/L18-1005}
}
@inproceedings{silva-etal-2018-extracting,
	title        = {Extracting In-domain Training Corpora for Neural Machine Translation Using Data Selection Methods},
	author       = {Silva, Catarina Cruz  and Liu, Chao-Hong  and Poncelas, Alberto  and Way, Andy},
	year         = 2018,
	month        = oct,
	booktitle    = {Proceedings of the Third Conference on Machine Translation: Research Papers},
	publisher    = {Association for Computational Linguistics},
	address      = {Belgium, Brussels},
	pages        = {224--231},
	url          = {https://www.aclweb.org/anthology/W18-6323}
}
@inproceedings{Simard:2003:BPC:938980.939477,
	title        = {Best Practices for Convolutional Neural Networks Applied to Visual Document Analysis},
	author       = {Simard, Patrice Y. and Steinkraus, Dave and Platt, John C.},
	year         = 2003,
	booktitle    = {Proceedings of the Seventh International Conference on Document Analysis and Recognition - Volume 2},
	publisher    = {IEEE Computer Society},
	address      = {Washington, DC, USA},
	series       = {ICDAR '03},
	pages        = {958--964},
	url          = {http://dl.acm.org/citation.cfm?id=938980.939477}
}
@incollection{singh2018sniper,
	title        = {SNIPER: Efficient Multi-Scale Training},
	author       = {Singh, Bharat and Najibi, Mahyar and Davis, Larry S},
	year         = 2018,
	booktitle    = {Advances in Neural Information Processing Systems 31},
	publisher    = {Curran Associates, Inc.},
	pages        = {9310--9320},
	url          = {http://papers.nips.cc/paper/8143-sniper-efficient-multi-scale-training},
	editor       = {S. Bengio and H. Wallach and H. Larochelle and K. Grauman and N. Cesa-Bianchi and R. Garnett}
}
@book{small2013lexical,
	title        = {Lexical Ambiguity Resolution: Perspective from Psycholinguistics, Neuropsychology and Artificial Intelligence},
	author       = {Small, S.L. and Cottrell, G.W. and Tanenhaus, M.K.},
	year         = 2013,
	publisher    = {Elsevier Science},
	url          = {https://books.google.nl/books?id=-J-fAgAAQBAJ},
	lccn         = 87033939
}
@inproceedings{Snover06astudy,
	title        = {A study of translation edit rate with targeted human annotation},
	author       = {Matthew Snover and Bonnie Dorr and Richard Schwartz and Linnea Micciulla and John Makhoul},
	year         = 2006,
	booktitle    = {In Proceedings of Association for Machine Translation in the Americas},
	pages        = {223--231},
	url          = {http://mt-archive.info/AMTA-2006-Snover.pdf}
}
@book{sprent2016applied,
	title        = {Applied nonparametric statistical methods},
	author       = {Sprent, Peter and Smeeton, Nigel C},
	year         = 2016,
	publisher    = {CRC Press},
	url          = {https://link.springer.com/book/10.1007/978-94-009-1223-6}
}
@inproceedings{stanovsky-etal-2019-evaluating,
	title        = {Evaluating Gender Bias in Machine Translation},
	author       = {Stanovsky, Gabriel  and Smith, Noah A.  and Zettlemoyer, Luke},
	year         = 2019,
	month        = jul,
	booktitle    = {Proceedings of the 57th Annual Meeting of the Association for Computational Linguistics},
	publisher    = {Association for Computational Linguistics},
	address      = {Florence, Italy},
	pages        = {1679--1684},
	url          = {https://www.aclweb.org/anthology/P19-1164}
}
@article{steinberger2006jrc,
	title        = {The {JRC}-{A}cquis: A multilingual aligned parallel corpus with 20+ languages},
	author       = {Steinberger, Ralf and Pouliquen, Bruno and Widiger, Anna and Ignat, Camelia and Erjavec, Tomaz and Tufis, Dan and Varga, D{\'a}niel},
	year         = 2006,
	journal      = {arXiv preprint cs/0609058},
	url          = {https://arxiv.org/abs/cs/0609058}
}
@misc{stickl2020recipes,
	title        = {Recipes for Adapting Pre-trained Monolingual and Multilingual Models to Machine Translation},
	author       = {Asa Cooper Stickland and Xian Li and Marjan Ghazvininejad},
	year         = 2020,
	eprint       = {2004.14911},
	archiveprefix = {arXiv},
	primaryclass = {cs.CL}
}
@incollection{sutskever2014sequence,
	title        = {Sequence to Sequence Learning with Neural Networks},
	author       = {Sutskever, Ilya and Vinyals, Oriol and Le, Quoc V},
	year         = 2014,
	booktitle    = {Advances in Neural Information Processing Systems 27},
	publisher    = {Curran Associates, Inc.},
	pages        = {3104--3112},
	url          = {http://papers.nips.cc/paper/5346-sequence-to-sequence-learning-with-neural-networks},
	editor       = {Z. Ghahramani and M. Welling and C. Cortes and N. D. Lawrence and K. Q. Weinberger}
}
@inproceedings{tang2014learning,
	title        = {Learning Sentiment-Specific Word Embedding for Twitter Sentiment Classification},
	author       = {Tang, Duyu  and  Wei, Furu  and  Yang, Nan  and  Zhou, Ming  and  Liu, Ting  and  Qin, Bing},
	year         = 2014,
	month        = jun,
	booktitle    = {Proceedings of the 52nd Annual Meeting of the Association for Computational Linguistics (Volume 1: Long Papers)},
	publisher    = {Association for Computational Linguistics},
	address      = {Baltimore, Maryland},
	pages        = {1555--1565},
	url          = {http://www.aclweb.org/anthology/P14-1146}
}
@article{teh2006hierarchical,
	title        = {Hierarchical {D}irichlet Processes},
	author       = {Teh, Yee Whye and Jordan, Michael I. and Beal, Matthew J. and Blei, David M.},
	year         = 2006,
	journal      = {Journal of the American Statistical Association},
	volume       = 101,
	number       = 476,
	pages        = {1566--1581},
	url          = {https://www.seas.harvard.edu/courses/cs281/papers/teh-jordan-beal-blei-2005.pdf}
}
@inproceedings{tiedemann-etal-2016-phrase,
	title        = {Phrase-Based {SMT} for {F}innish with More Data, Better Models and Alternative Alignment and Translation Tools},
	author       = {Tiedemann, J{\"o}rg  and Cap, Fabienne  and Kanerva, Jenna  and Ginter, Filip  and Stymne, Sara  and {\"O}stling, Robert  and Weller-Di Marco, Marion},
	year         = 2016,
	month        = aug,
	booktitle    = {Proceedings of the First Conference on Machine Translation: Volume 2, Shared Task Papers},
	publisher    = {Association for Computational Linguistics},
	address      = {Berlin, Germany},
	pages        = {391--398},
	url          = {https://www.aclweb.org/anthology/W16-2326}
}
@inproceedings{TIEDEMANN12.463,
	title        = {Parallel Data, Tools and Interfaces in OPUS},
	author       = {Jorg Tiedemann},
	year         = 2012,
	month        = may,
	booktitle    = {Proceedings of the Eight International Conference on Language Resources and Evaluation (LREC'12)},
	publisher    = {European Language Resources Association (ELRA)},
	address      = {Istanbul, Turkey},
	date         = {23-25},
	editor       = {Nicoletta Calzolari (Conference Chair) and Khalid Choukri and Thierry Declerck and Mehmet Ugur Dogan and Bente Maegaard and Joseph Mariani and Jan Odijk and Stelios Piperidis},
	language     = {english}
}
@inproceedings{torabi-asr-etal-2018-querying,
	title        = {Querying Word Embeddings for Similarity and Relatedness},
	author       = {Torabi Asr, Fatemeh  and Zinkov, Robert  and Jones, Michael},
	year         = 2018,
	month        = jun,
	booktitle    = {Proceedings of the 2018 Conference of the North {A}merican Chapter of the Association for Computational Linguistics: Human Language Technologies, Volume 1 (Long Papers)},
	publisher    = {Association for Computational Linguistics},
	address      = {New Orleans, Louisiana},
	pages        = {675--684},
	url          = {https://www.aclweb.org/anthology/N18-1062}
}
@inproceedings{tran-etal-2018-importance,
	title        = {The Importance of Being Recurrent for Modeling Hierarchical Structure},
	author       = {Tran, Ke  and Bisazza, Arianna  and Monz, Christof},
	year         = 2018,
	month        = oct,
	booktitle    = {Proceedings of the 2018 Conference on Empirical Methods in Natural Language Processing},
	publisher    = {Association for Computational Linguistics},
	address      = {Brussels, Belgium},
	pages        = {4731--4736},
	url          = {https://www.aclweb.org/anthology/D18-1503}
}
@article{turney2013distributional,
	title        = {Distributional Semantics Beyond Words: Supervised Learning of Analogy and Paraphrase.},
	author       = {Turney, Peter D.},
	year         = 2013,
	journal      = {TACL},
	volume       = 1,
	pages        = {353--366},
	ee           = {https://tacl2013.cs.columbia.edu/ojs/index.php/tacl/article/view/128}
}
@article{Ueffing2007,
	title        = {Semi-supervised model adaptation for statistical machine translation},
	author       = {Ueffing, Nicola and Haffari, Gholamreza and Sarkar, Anoop},
	year         = 2007,
	month        = jun,
	day          = {01},
	journal      = {Machine Translation},
	volume       = 21,
	number       = 2,
	pages        = {77--94},
	url          = {https://doi.org/10.1007/s10590-008-9036-3}
}
@inproceedings{vanderwees-bisazza-monz:2017:EMNLP2017,
	title        = {Dynamic Data Selection for Neural Machine Translation},
	author       = {van der Wees, Marlies  and  Bisazza, Arianna  and  Monz, Christof},
	year         = 2017,
	month        = sep,
	booktitle    = {Proceedings of the 2017 Conference on Empirical Methods in Natural Language Processing},
	publisher    = {Association for Computational Linguistics},
	address      = {Copenhagen, Denmark},
	pages        = {1400--1410},
	url          = {https://www.aclweb.org/anthology/D17-1147}
}
@incollection{vaswani2017attention,
	title        = {Attention is All you Need},
	author       = {Vaswani, Ashish and Shazeer, Noam and Parmar, Niki and Uszkoreit, Jakob and Jones, Llion and Gomez, Aidan N and Kaiser, \L ukasz and Polosukhin, Illia},
	year         = 2017,
	booktitle    = {Advances in Neural Information Processing Systems 30},
	publisher    = {Curran Associates, Inc.},
	pages        = {5998--6008},
	url          = {http://papers.nips.cc/paper/7181-attention-is-all-you-need},
	editor       = {I. Guyon and U. V. Luxburg and S. Bengio and H. Wallach and R. Fergus and S. Vishwanathan and R. Garnett}
}
@inproceedings{W18-2709,
	title        = {On the Impact of Various Types of Noise on Neural Machine Translation},
	author       = {Khayrallah, Huda and Koehn, Philipp},
	year         = 2018,
	booktitle    = {Proceedings of the 2nd Workshop on Neural Machine Translation and Generation},
	location     = {Melbourne, Australia},
	publisher    = {Association for Computational Linguistics},
	pages        = {74--83},
	url          = {http://aclweb.org/anthology/W18-2709}
}
@inproceedings{W18-2712,
	title        = {Towards one-shot learning for rare-word translation with external experts},
	author       = {Pham, Ngoc-Quan and Niehues, Jan and Waibel, Alexander},
	year         = 2018,
	booktitle    = {Proceedings of the 2nd Workshop on Neural Machine Translation and Generation},
	location     = {Melbourne, Australia},
	publisher    = {Association for Computational Linguistics},
	pages        = {100--109},
	url          = {http://aclweb.org/anthology/W18-2712}
}
@inproceedings{wang-etal-2013-edit,
	title        = {Edit Distance: A New Data Selection Criterion for Domain Adaptation in {SMT}},
	author       = {Wang, Longyue  and Wong, Derek F.  and Chao, Lidia S.  and Xing, Junwen  and Lu, Yi  and Trancoso, Isabel},
	year         = 2013,
	month        = sep,
	booktitle    = {Proceedings of the International Conference Recent Advances in Natural Language Processing {RANLP} 2013},
	publisher    = {INCOMA Ltd. Shoumen, BULGARIA},
	address      = {Hissar, Bulgaria},
	pages        = {727--732},
	url          = {https://www.aclweb.org/anthology/R13-1094}
}
@inproceedings{wang-etal-2018-switchout,
	title        = {{S}witch{O}ut: {A}n Efficient Data Augmentation Algorithm for Neural Machine Translation},
	author       = {Wang, Xinyi  and Pham, Hieu  and Dai, Zihang  and Neubig, Graham},
	year         = 2018,
	month        = oct,
	booktitle    = {Proceedings of the 2018 Conference on Empirical Methods in Natural Language Processing},
	publisher    = {Association for Computational Linguistics},
	address      = {Brussels, Belgium},
	pages        = {856--861},
	url          = {https://www.aclweb.org/anthology/D18-1100}
}
@inproceedings{wang-etal-2019-dynamically,
	title        = {Dynamically Composing Domain-Data Selection with Clean-Data Selection by {``}Co-Curricular Learning{''} for Neural Machine Translation},
	author       = {Wang, Wei  and Caswell, Isaac  and Chelba, Ciprian},
	year         = 2019,
	month        = jul,
	booktitle    = {Proceedings of the 57th Annual Meeting of the Association for Computational Linguistics},
	publisher    = {Association for Computational Linguistics},
	address      = {Florence, Italy},
	pages        = {1282--1292},
	url          = {https://www.aclweb.org/anthology/P19-1123}
}
@article{Wang2019UsingDE,
	title        = {Using Dynamic Embeddings to Improve Static Embeddings},
	author       = {Yile Wang and Leyang Cui and Yue Zhang},
	year         = 2019,
	journal      = {ArXiv},
	volume       = {abs/1911.02929},
	url          = {https://ui.adsabs.harvard.edu/abs/2019arXiv191102929W/abstract}
}
@phdthesis{weerkamp2011thesis,
	title        = {Finding People and their Utterances in Social Media},
	author       = {Weerkamp, W.},
	year         = 2011,
	school       = {University of Amsterdam}
}
@inproceedings{wiseman-rush-2016-sequence,
	title        = {Sequence-to-Sequence Learning as Beam-Search Optimization},
	author       = {Wiseman, Sam  and Rush, Alexander M.},
	year         = 2016,
	month        = nov,
	booktitle    = {Proceedings of the 2016 Conference on Empirical Methods in Natural Language Processing},
	publisher    = {Association for Computational Linguistics},
	address      = {Austin, Texas},
	pages        = {1296--1306},
	url          = {https://www.aclweb.org/anthology/D16-1137}
}
@article{wu2016google,
	title        = {Google's Neural Machine Translation System: Bridging the Gap between Human and Machine Translation},
	author       = {Yonghui Wu and Mike Schuster and Zhifeng Chen and Quoc V. Le and Mohammad Norouzi and Wolfgang Macherey and Maxim Krikun and Yuan Cao and Qin Gao and Klaus Macherey and Jeff Klingner and Apurva Shah and Melvin Johnson and Xiaobing Liu and Lukasz Kaiser and Stephan Gouws and Yoshikiyo Kato and Taku Kudo and Hideto Kazawa and Keith Stevens and George Kurian and Nishant Patil and Wei Wang and Cliff Young and Jason Smith and Jason Riesa and Alex Rudnick and Oriol Vinyals and Greg Corrado and Macduff Hughes and Jeffrey Dean},
	year         = 2016,
	journal      = {CoRR},
	volume       = {abs/1609.08144},
	url          = {http://arxiv.org/abs/1609.08144},
	archiveprefix = {arXiv},
	eprint       = {1609.08144},
	bibsource    = {dblp computer science bibliography, https://dblp.org}
}
@inproceedings{wubben-etal-2012-sentence,
	title        = {Sentence Simplification by Monolingual Machine Translation},
	author       = {Wubben, Sander  and van den Bosch, Antal  and Krahmer, Emiel},
	year         = 2012,
	month        = jul,
	booktitle    = {Proceedings of the 50th Annual Meeting of the Association for Computational Linguistics (Volume 1: Long Papers)},
	publisher    = {Association for Computational Linguistics},
	address      = {Jeju Island, Korea},
	pages        = {1015--1024},
	url          = {https://www.aclweb.org/anthology/P12-1107}
}
@inproceedings{xu2014rc,
	title        = {RC-NET: A General Framework for Incorporating Knowledge into Word Representations.},
	author       = {Xu, Chang and Bai, Yalong and Bian, Jiang and Gao, Bin and Wang, Gang and Liu, Xiaoguang and Liu, Tie-Yan},
	year         = 2014,
	booktitle    = {CIKM},
	publisher    = {ACM},
	pages        = {1219--1228},
	editor       = {Li, Jianzhong and Wang, Xiaoyang Sean and Garofalakis, Minos N. and Soboroff, Ian and Suel, Torsten and Wang, Min}
}
@inproceedings{yang-etal-2018-unsupervised,
	title        = {Unsupervised Neural Machine Translation with Weight Sharing},
	author       = {Yang, Zhen  and Chen, Wei  and Wang, Feng  and Xu, Bo},
	year         = 2018,
	month        = jul,
	booktitle    = {Proceedings of the 56th Annual Meeting of the Association for Computational Linguistics (Volume 1: Long Papers)},
	publisher    = {Association for Computational Linguistics},
	address      = {Melbourne, Australia},
	pages        = {46--55},
	url          = {https://www.aclweb.org/anthology/P18-1005}
}
@inproceedings{Yang06verbsimilarity,
	title        = {Verb Similarity on the Taxonomy of Wordnet},
	author       = {Dongqiang Yang and David M. W. Powers},
	year         = 2006,
	booktitle    = {In the 3rd International WordNet Conference (GWC-06), Jeju Island, Korea}
}
@inproceedings{yao2011nonparametric,
	title        = {Nonparametric {B}ayesian Word Sense Induction},
	author       = {Yao, Xuchen  and Van Durme, Benjamin},
	year         = 2011,
	month        = jun,
	booktitle    = {Proceedings of {T}ext{G}raphs-6: Graph-based Methods for Natural Language Processing},
	publisher    = {Association for Computational Linguistics},
	address      = {Portland, Oregon},
	pages        = {10--14},
	url          = {https://www.aclweb.org/anthology/W11-1102}
}
@inproceedings{yih-qazvinian-2012-measuring,
	title        = {Measuring Word Relatedness Using Heterogeneous Vector Space Models},
	author       = {Yih, Wen-tau  and Qazvinian, Vahed},
	year         = 2012,
	month        = jun,
	booktitle    = {Proceedings of the 2012 Conference of the North {A}merican Chapter of the Association for Computational Linguistics: Human Language Technologies},
	publisher    = {Association for Computational Linguistics},
	address      = {Montr{\'e}al, Canada},
	pages        = {616--620},
	url          = {https://www.aclweb.org/anthology/N12-1077}
}
@inproceedings{yu-etal-2017-refining,
	title        = {Refining Word Embeddings for Sentiment Analysis},
	author       = {Yu, Liang-Chih  and Wang, Jin  and Lai, K. Robert  and Zhang, Xuejie},
	year         = 2017,
	month        = sep,
	booktitle    = {Proceedings of the 2017 Conference on Empirical Methods in Natural Language Processing},
	publisher    = {Association for Computational Linguistics},
	address      = {Copenhagen, Denmark},
	pages        = {534--539},
	url          = {https://www.aclweb.org/anthology/D17-1056}
}
@inproceedings{yu2014improving,
	title        = {Improving Lexical Embeddings with Semantic Knowledge},
	author       = {Yu, Mo and Dredze, Mark},
	year         = 2014,
	month        = jun,
	booktitle    = {Proceedings of the 52nd Annual Meeting of the Association for Computational Linguistics (Volume 2: Short Papers)},
	publisher    = {Association for Computational Linguistics},
	address      = {Baltimore, Maryland},
	pages        = {545--550}
}
@misc{yuan2019objectcontextual,
	title        = {Object-Contextual Representations for Semantic Segmentation},
	author       = {Yuhui Yuan and Xilin Chen and Jingdong Wang},
	year         = 2019,
	url          = {https://arxiv.org/abs/1909.11065},
	eprint       = {1909.11065},
	archiveprefix = {arXiv},
	primaryclass = {cs.CV}
}
@inproceedings{zhang-lapata-2017-sentence,
	title        = {Sentence Simplification with Deep Reinforcement Learning},
	author       = {Zhang, Xingxing  and Lapata, Mirella},
	year         = 2017,
	month        = sep,
	booktitle    = {Proceedings of the 2017 Conference on Empirical Methods in Natural Language Processing},
	publisher    = {Association for Computational Linguistics},
	address      = {Copenhagen, Denmark},
	pages        = {584--594},
	url          = {https://www.aclweb.org/anthology/D17-1062}
}
@misc{zhang2019semanticsaware,
	title        = {Semantics-aware {BERT} for Language Understanding},
	author       = {Zhuosheng Zhang and Yuwei Wu and Hai Zhao and Zuchao Li and Shuailiang Zhang and Xi Zhou and Xiang Zhou},
	year         = 2019,
	url          = {https://arxiv.org/abs/1909.02209},
	eprint       = {1909.02209},
	archiveprefix = {arXiv},
	primaryclass = {cs.CL}
}
@article{Zhang2020RetrospectiveRF,
	title        = {Retrospective Reader for Machine Reading Comprehension},
	author       = {Zhuosheng Zhang and Jun-jie Yang and Hai Zhao},
	year         = 2020,
	journal      = {ArXiv},
	volume       = {abs/2001.09694},
	url          = {https://arxiv.org/abs/2001.09694}
}
@inproceedings{zoph-EtAl:2016:EMNLP2016,
	title        = {Transfer Learning for Low-Resource Neural Machine Translation},
	author       = {Zoph, Barret  and  Yuret, Deniz  and  May, Jonathan  and  Knight, Kevin},
	year         = 2016,
	month        = nov,
	booktitle    = {Proceedings of the 2016 Conference on Empirical Methods in Natural Language Processing},
	publisher    = {Association for Computational Linguistics},
	address      = {Austin, Texas},
	pages        = {1568--1575},
	url          = {https://aclweb.org/anthology/D16-1163}
}
@inproceedings{zou2013bilingual,
	title        = {Bilingual Word Embeddings for Phrase-Based Machine Translation},
	author       = {Zou, Will Y.  and  Socher, Richard  and  Cer, Daniel  and  Manning, Christopher D.},
	year         = 2013,
	month        = oct,
	booktitle    = {Proceedings of the 2013 Conference on Empirical Methods in Natural Language Processing},
	publisher    = {Association for Computational Linguistics},
	address      = {Seattle, Washington, USA},
	pages        = {1393--1398},
	url          = {http://www.aclweb.org/anthology/D13-1141}
}
@article{DBLP:journals/corr/abs-1807-07279,
	title        = {Imparting Interpretability to Word Embeddings},
	author       = {Aykut Ko{\c{c}} and Ihsan Utlu and Lutfi Kerem Senel and Haldun M. {\"{O}}zaktas},
	year         = 2018,
	journal      = {CoRR},
	volume       = {abs/1807.07279},
	url          = {http://arxiv.org/abs/1807.07279},
	archiveprefix = {arXiv}
}
@inproceedings{hurtado-bodell-etal-2019-interpretable,
	title        = {Interpretable Word Embeddings via Informative Priors},
	author       = {Hurtado Bodell, Miriam  and Arvidsson, Martin  and Magnusson, M{\aa}ns},
	year         = 2019,
	month        = nov,
	booktitle    = {Proceedings of the 2019 Conference on Empirical Methods in Natural Language Processing and the 9th International Joint Conference on Natural Language Processing (EMNLP-IJCNLP)},
	publisher    = {Association for Computational Linguistics},
	address      = {Hong Kong, China},
	pages        = {6323--6329},
	url          = {https://www.aclweb.org/anthology/D19-1661}
}
@inproceedings{sennrich-zhang-2019-revisiting,
	title        = {Revisiting Low-Resource Neural Machine Translation: A Case Study},
	author       = {Sennrich, Rico  and Zhang, Biao},
	year         = 2019,
	month        = jul,
	booktitle    = {Proceedings of the 57th Annual Meeting of the Association for Computational Linguistics},
	publisher    = {Association for Computational Linguistics},
	address      = {Florence, Italy},
	pages        = {211--221},
	url          = {https://www.aclweb.org/anthology/P19-1021}
}
@inproceedings{sun-etal-2020-knowledge,
	title        = {Knowledge Distillation for Multilingual Unsupervised Neural Machine Translation},
	author       = {Sun, Haipeng  and Wang, Rui  and Chen, Kehai  and Utiyama, Masao  and Sumita, Eiichiro  and Zhao, Tiejun},
	year         = 2020,
	month        = jul,
	booktitle    = {Proceedings of the 58th Annual Meeting of the Association for Computational Linguistics},
	publisher    = {Association for Computational Linguistics},
	address      = {Online},
	pages        = {3525--3535},
	url          = {https://www.aclweb.org/anthology/2020.acl-main.324}
}
@inproceedings{zhang-zong-2016-exploiting,
	title        = {Exploiting Source-side Monolingual Data in Neural Machine Translation},
	author       = {Zhang, Jiajun  and Zong, Chengqing},
	year         = 2016,
	month        = nov,
	booktitle    = {Proceedings of the 2016 Conference on Empirical Methods in Natural Language Processing},
	publisher    = {Association for Computational Linguistics},
	address      = {Austin, Texas},
	pages        = {1535--1545},
	url          = {https://www.aclweb.org/anthology/D16-1160}
}

@article{linzen-etal-2016-assessing,
    title = "Assessing the Ability of {LSTM}s to Learn Syntax-Sensitive Dependencies",
    author = "Linzen, Tal  and
      Dupoux, Emmanuel  and
      Goldberg, Yoav",
    journal = "Transactions of the Association for Computational Linguistics",
    volume = "4",
    year = "2016",
    url = "https://www.aclweb.org/anthology/Q16-1037",
    pages = "521--535",
}

@inproceedings{chowdhury-zamparelli-2018-rnn,
    title = "{RNN} Simulations of Grammaticality Judgments on Long-distance Dependencies",
    author = "Chowdhury, Shammur Absar  and
      Zamparelli, Roberto",
    booktitle = "Proceedings of the 27th International Conference on Computational Linguistics",
    month = aug,
    year = "2018",
    address = "Santa Fe, New Mexico, USA",
    publisher = "Association for Computational Linguistics",
    url = "https://www.aclweb.org/anthology/C18-1012",
    pages = "133--144",
}


@inproceedings{886a37b5fc2f43449e4bca3b5557e3ae,
title = "Generalization without systematicity: On the compositional skills of sequence-to-sequence recurrent networks",
author = {Brenden M. Lake and Marco Baroni},
year = "2018",
month = jan,
day = "1",
language = "English (US)",
series = "35th International Conference on Machine Learning, ICML 2018",
publisher = "International Machine Learning Society (IMLS)",
pages = "4487--4499",
editor = "Jennifer Dy and Andreas Krause",
booktitle = "35th International Conference on Machine Learning, ICML 2018",
note = "35th International Conference on Machine Learning, ICML 2018 ; Conference date: 10-07-2018 Through 15-07-2018",
url="https://arxiv.org/abs/1711.00350"
}


@misc{cogswell2019emergence,
    title={Emergence of Compositional Language with Deep Generational Transmission},
    author={Michael Cogswell and Jiasen Lu and Stefan Lee and Devi Parikh and Dhruv Batra},
    year={2019},
    eprint={1904.09067},
    archivePrefix={arXiv},
    primaryClass={cs.LG},
    url={https://openreview.net/forum?id=r1gzoaNtvr}
}

@inproceedings{ijcai2020-708,
  title     = {Compositionality Decomposed: How do Neural Networks Generalise? (Extended Abstract)},
  author    = {Hupkes, Dieuwke and Dankers, Verna and Mul, Mathijs and Bruni, Elia},
  booktitle = {Proceedings of the Twenty-Ninth International Joint Conference on
               Artificial Intelligence, {IJCAI-20}},
  publisher = {International Joint Conferences on Artificial Intelligence Organization},             
  pages     = {5065--5069},
  year      = {2020},
  month     = {7},
  url       = {https://doi.org/10.24963/ijcai.2020/708},
}

@inproceedings{kalchbrenner-blunsom-2013-recurrent,
    title = "Recurrent Continuous Translation Models",
    author = "Kalchbrenner, Nal  and
      Blunsom, Phil",
    booktitle = "Proceedings of the 2013 Conference on Empirical Methods in Natural Language Processing",
    month = oct,
    year = "2013",
    address = "Seattle, Washington, USA",
    publisher = "Association for Computational Linguistics",
    url = "https://www.aclweb.org/anthology/D13-1176",
    pages = "1700--1709",
}
@inproceedings{ribeiro-etal-2020-beyond,
    title = "Beyond Accuracy: Behavioral Testing of {NLP} Models with {C}heck{L}ist",
    author = "Ribeiro, Marco Tulio  and
      Wu, Tongshuang  and
      Guestrin, Carlos  and
      Singh, Sameer",
    booktitle = "Proceedings of the 58th Annual Meeting of the Association for Computational Linguistics",
    month = jul,
    year = "2020",
    address = "Online",
    publisher = "Association for Computational Linguistics",
    url = "https://www.aclweb.org/anthology/2020.acl-main.442",
    pages = "4902--4912",
}
